2532 4318
219 245 256 298 72
569 225 797 286 Ext‘ttctTto

219 437 336 515 quidem
352 436 430 495 labia·
444 451 492 496 tua
514 438 656 516 attingere
671 438 712 496 fas
725 449 775 495 est.
791 436 877 518 Χάριν
904 461 946 496 σοι
960 439 1040 510 τῆσδε
1057 436 1148 510 θήσω,

219 536 355 594 nimirum
370 535 448 605 τῆςδε
464 539 510 607 τῆς
530 534 646 616 χάριτος.
668 536 818 617 Duplicem
837 537 1078 614 significationem
1092 536 1147 593 ha·
1239 549 1242 564 ‘

219 630 269 691 bet
284 631 375 713 χάρις,
398 646 427 691 ut
441 633 560 690 latinum
574 633 675 691 Gratia
698 622 711 689 :⁰
726 645 812 691 estet
828 633 994 692 Gratiarum
1009 634 1085 691 actio
1100 633 1147 689 vel
1232 712 1235 721 Ι

218 730 336 801 relatio,
353 742 381 786 et
397 724 563 807 Benignita's
581 751 637 808 qua
649 731 714 808 quis
730 730 818 788 alium
834 732 970 789 devincit.
999 726 1002 739 ‘

262 829 366 886 10-16.
388 832 491 885 Paullo
502 843 567 904 post
590 833 633 886 leo
654 836 707 886 reti
719 833 893 904 implicatur,
909 832 987 906 qaod
1002 850 1064 887 mus
1077 831 1166 909 radit⁴

218 941 245 984 et
265 930 388 984 vicissim
406 926 613 1000 benefactorem
638 933 699 984 vita
714 930 812 984 donat.
835 929 925 985 Versu
954 948 988 985 12
1013 925 1148 1008 σωτηρίην

220 1025 269 1081 vix
285 1023 342 1081 dici
359 1035 453 1100 potest
464 1025 528 1082 sine
546 1024 679 1082 articulo.
692 1022 809 1103 Βρόχος,
823 1038 856 1082 ιιι
870 1026 1020 1103 laquem,
1034 1024 1070 1084 de
1084 1025 1148 1107 reti,

219 1122 306 1179 Τοῦτο
327 1123 380 1202 ρῶς
401 1119 510 1201 βλέψαι,
528 1122 587 1181 «Ut
597 1121 657 1198 jam
682 1120 756 1179 liber
771 1120 860 1178 hacce
883 1123 1029 1180 frueretur
1050 1122 1148 1181 luce.-

218 1216 441 1299 Ἀντιζωγρήσας,
462 1220 527 1278 vita
553 1219 680 1277 vicissim
704 1219 833 1290 donans;
860 1239 918 1296 qua
938 1219 1148 1298 significatione
1233 1196 1239 1291 ‘A

219 1317 327 1397 ζωγρεῖν
343 1315 454 1373 dictum
467 1315 591 1375 vidimus
609 1336 707 1393 snpra.

263 1434 368 1489 17-19.
392 1414 479 1470 Chria
495 1418 624 1472 moralis.
638 1414 730 1471 Versu
757 1414 803 1487 18,
819 1414 914 1490 inquit
936 1411 976 1469 itt.
994 1413 1149 1472 Boissona·

218 1512 299 1584 dius,
325 1523 391 1569 «est
415 1514 466 1569 τῶν
484 1509 663 1589 prominet.
682 1512 729 1569 Sic
743 1510 811 1570 Fab.
833 1511 979 1587 txxvss,
1005 1531 1056 1568 10:
1070 1508 1147 1582 τὸνὴ

218 1606 285 1688 σοφὴ
304 1606 432 1666 λαόοῦσα.
463 1604 711 1666 Affabulationem
735 1607 819 1665 aliam
846 1608 977 1667 Julianus
1005 1607 1148 1685 praebebit

219 1706 346 1784 Epistula
361 1718 510 1764 extrema:
530 1705 636 1771 πάντως
653 1727 704 1763 που
718 1702 764 1763 καὶ
778 1702 851 1785 παρὰ
866 1707 918 1763 τῶν
940 1703 1058 1776 ἡττόνων
1079 1694 1148 1765 εἷναί

217 1827 244 1862 τι
261 1801 378 1883 χρηστὸν
398 1806 413 1860 δ
433 1807 483 1882 μῦς
498 1800 540 1860 τὸν
562 1799 657 1861 λέοντα
668 1805 706 1882 τῷ
720 1805 805 1883 μισθῷ
822 1798 911 1882 σῴσας
923 1800 1073 1883 ἀρκούντως
1091 1801 1147 1862 δεί-

218 1922 333 1959 evaei.-

423 2107 697 2213 ruuonmun
722 2109 943 2176 ierutzun.

256 2290 292 2350 V.
310 2292 375 2349 1-8.
396 2289 506 2348 Fabula
518 2292 651 2364 Symrnm
663 2294 840 2366 antiquaram
854 2305 898 2347 est
909 2298 1061 2358 inventum,
1073 2294 1150 2366 qnod

218 2390 325 2444 Graecia
336 2393 447 2463 primus
463 2394 575 2464 aperuit
588 2394 722 2463 AEsopus,·
738 2390 839 2444 deinde
856 2393 885 2442 in
896 2386 986 2460 Libya
998 2386 1148 2459 Libysticoe

210 2480 325 2561 sabatae
350 2488 528 2545 exstiterunt.
557 2490 617 2563 Ego
641 2507 710 2545 vero
727 2508 797 2544 ιιιινα
818 2489 906 2543 Musa
918 2485 1056 2558 fabulam
1071 2493 1146 2544 iam·
1227 2528 1228 2545 ι

219 2580 307 2639 bieam
330 2587 425 2640 cecini.
453 2582 514 2642 Beli
530 2595 560 2639 et
579 2584 647 2643 Nini
669 2603 757 2660 regna
781 2584 849 2640 sutis
870 2594 937 2640 nota
961 2572 1146 2654 santuine,

135 400 137 405 ,
218 340 274 398 bac
298 359 384 398 carne
408 339 485 399 laute
499 340 536 399 ati
559 362 567 398 t
592 341 734 399 murinam
753 358 825 399 vero
842 361 952 400 coenam
977 361 1014 400 ne
1035 359 1147 399 summa
1231 353 1238 367 ”

1223 2176 1227 2187 ι

1222 2194 1228 2211 Q

1223 2266 1228 2341 Ι
1240 2314 1242 2323 .

1223 2348 1227 2365 Ι

1223 2394 1227 2409 Ι

217 2678 326 2737 scilicet
347 2676 391 2737 τὸν
419 2684 508 2758 μῦθον.
536 2678 693 2746 Λιὸυστῖνος
721 2680 897 2759 adjectivum
923 2681 1028 2758 gentile
1051 2681 1146 2739 rarius
1227 2762 1228 2765 Ἴ

218 2797 274 2855 pru
305 2778 413 2857 vulgari
438 2776 608 2845 Λιόυστικός.’
632 2778 810 2856 Libysticam
839 2778 966 2837 fabulam
995 2779 1146 2855 AEschylus
1241 2848 1242 2858 ρ

218 2889 427 2935 memoraverat
442 2876 470 2931 in
488 2874 730 2952 Myrmidonibus.
748 2877 852 2936 Theou
870 2876 923 2933 has
939 2875 1048 2934 fabulas
1068 2877 1147 2934 inter

218 2993 266 3031 eas
282 2973 372 3031 refert
386 2974 415 3030 in
428 2971 535 3050 quibus
548 2971 679 3030 solorum
697 2970 798 3052 ἀλόγων
814 2986 911 3053 partes
921 2973 996 3045 sint,
1011 2994 1102 3051 quum
1118 2975 1147 3031 iu

218 3071 359 3149 AEsnpicis
376 3069 462 3128 etiam
473 3068 568 3147 λογικὰ
582 3070 717 3128 animalia
724 3072 825 3128 ‘locum
847 3068 993 3128 habeant:
1009 3090 1074 3148 quae
1085 3070 1147 3128 dis·
1225 3100 1227 3109 ·
1241 3104 1242 3111 ι

220 3168 320 3226 tinctio
337 3167 485 3225 cardinem
499 3168 541 3226 rei
558 3168 637 3227 haud
655 3169 742 3227 dubie
759 3190 818 3227 non
843 3169 934 3246 tangit
948 3166 1029 3249 Λόχῳ
1050 3167 1148 3230 Λιὸύσ-
1226 3200 1227 3257 j

219 3288 284 3338 σης,
303 3265 457 3342 «Libyssae
477 3268 623 3345 populo»,
638 3265 819 3338 ιιῑΛίὸυσσα,
835 3265 1003 3324 femininum
1019 3268 1146 3344 gentilis,
1226 3310 1227 3315 κ

107 3368 115 3376 ‘
168 3393 170 3398 ·
219 3350 275 3442 ριο
290 3361 377 3422 mete
393 3363 566 3443 capiendum
588 3385 649 3423 esse
661 3365 805 3435 videatur,
819 3363 969 3442 quomodo
987 3365 1044 3422 alia
1057 3364 1147 3422 multa
1226 3442 1227 3447 ἵ

219 3463 369 3543 regionum
382 3463 627 3542 nominaproprie
640 3476 707 3522 sunt
716 3462 853 3521 feminina
864 3462 1024 3541 gentilium.
1034 3463 1147 3522 Deinde

217 3586 230 3613 ι
243 3574 339 3639 potest
354 3560 439 3641 jungi
465 3560 550 3642 μούσῃ
571 3560 686 3640 δίδωμι,
709 3559 866 3621 subaudita
891 3560 993 3635 ἔαυτόν,
1015 3573 1047 3620 ut
1070 3559 1147 3639 apud
1239 3602 1242 3615 ι
