2532 4318
191 238 230 301 ,ο
539 214 775 278 exanimum

192 344 295 396 minus.
312 338 384 393 Hinc
400 340 447 393 ille
456 335 612 411 persarum
625 322 743 408 supecbe
755 354 785 390 se
790 329 931 405 jactabat.
948 330 1007 386 Sed
1011 329 1124 385 vetulus
1203 322 1211 331 ⁹
1256 332 1257 347 ¹

193 439 312 494 conieci
326 438 422 493 dixit:
445 439 522 509 Quid
539 434 692 511 superbis?
709 454 765 490 non
781 437 893 489 virtum
906 441 1121 496 ornamentum,

192 537 245 591 sed
261 540 395 608 nequitioe
409 536 603 589 documentum
616 533 717 607 quatis,
733 525 901 598 Χαλκεῦσας,
913 525 980 583 vide
994 524 1072 582 dicta
1087 526 1123 581 ad

194 632 263 692 Fab.
274 633 405 706 xcvm,
423 653 447 705 7.
463 633 528 692 Οὐδ’
547 629 676 700 laetasint
690 627 815 705 «scripsi
840 628 902 684 sine
916 624 1051 703 exemplo
1070 643 1124 701 pro

193 727 366 800 instantiae.»
379 731 504 785 Boisson.
519 729 625 787 Σαυτοῢ
640 724 748 804 pendet
761 743 779 782 a
792 722 927 803 πονηρίης.

520 932 688 999 FABULA
714 931 799 998 ClV.

164 1112 168 1121 ’
238 1135 326 1174 curus
344 1137 381 1172 nn
401 1136 468 1173 cco.
487 1113 565 1174 Alibi
579 1134 638 1171 non
654 1114 772 1172 videtur
782 1115 845 1191 legi.
858 1147 897 1158 -
915 1114 999 1169 Ovem
1011 1125 1125 1189 raptam

198 1217 531 1291 lapaeripuitleo.Iupus
542 1218 669 1289 queritur
676 1216 786 1285 dejure
797 1216 921 1270 violato:
931 1218 977 1267 cui
986 1214 1127 1289 leo:Ergo

197 1321 301 1386 tujurc
315 1311 421 1384 habeo,
442 1314 539 1369 datam
557 1310 594 1368 ab
616 1314 740 1367 antitis?
763 1310 874 1378 Σταθεὶς
889 1309 994 1393 cippos,
1015 1312 1127 1389 quippe

199 1412 303 1469 timens
317 1411 429 1468 leonem
439 1410 650 1487 longinquitate
667 1420 745 1465 tutas
756 1409 887 1486 loquitur
898 1407 997 1466 libere.
1006 1407 1128 1490 Ἄφείλω,

198 1508 290 1566 altera
317 1526 441 1584 persona
463 1526 504 1563 «a
529 1504 622 1583 proba
646 1507 739 1562 forma
759 1488 1050 1586 aoristi‘dpaldpnv,
1073 1506 1127 1564 etsi

200 1604 361 1663 recentiore
393 1624 481 1680 quam
510 1605 599 1660 altera
627 1601 805 1683 ἀφειλόμην.»
833 1606 957 1660 Boisson.
983 1602 1126 1684 Τερφθείς,

200 1705 385 1773 Delectatus,
397 1702 533 1758 nimirum
551 1701 737 1778 simplicitate
750 1702 821 1779 lupi.
843 1703 1011 1760 Postremus
1026 1722 1128 1762 versus

150 1856 154 1863 Ι
201 1801 291 1859 salsus
306 1800 395 1877 mams
407 1799 467 1856 erit
486 1798 547 1856 sine
565 1799 811 1877 interrogatione:
825 1799 920 1877 (Haud
940 1799 1057 1877 dubiez)
1075 1800 1128 1858 tibi

200 1899 275 1956 enim
290 1895 327 1954 ab
339 1896 439 1953 aulicis
450 1916 514 1953 cum
525 1894 592 1972 jure
606 1895 775 1972 possidendi
789 1896 895 1955 donata
912 1897 1015 1955 luerat.
1049 1913 1099 1973 pp,
1124 1938 1130 1974 3

438 2178 448 2183 ,
535 2103 706 2169 FABULA
729 2103 798 2171 CV.

241 2302 297 2341 cao
309 2302 489 2340 mantuanos.
506 2283 632 2341 Aliunde
649 2302 709 2340 non
726 2283 865 2345 innotuit.

240 2382 274 2439 V.
297 2377 381 2437 1-1o.
396 2384 452 2437 Leo
472 2382 619 2436 hominum
636 2383 803 2454 politiorum
828 2385 917 2439 uitam
939 2389 1080 2443 oemulans
1103 2394 1131 2442 ia

202 2492 285 2537 vasto
306 2491 389 2534 antro
406 2479 525 2553 hospites
543 2478 702 2553 accipiebat
714 2494 744 2536 et
757 2501 818 2536 cum
837 2485 925 2558 vulpe
946 2483 1128 2560 philosopha-

202 2577 292 2633 batur.
310 2572 386 2646 Φυή,
403 2576 529 2648 Natura,
553 2575 677 2634 Indoles.
698 2577 937 2658 Φιλοφρονεῐσθαι,
958 2580 1088 2639 Comiter
1103 2597 1132 2642 et

204 2673 329 2750 benigne
343 2672 481 2749 accipere.
504 2672 637 2746 Γνησίως,
661 2673 804 2748 Candide,
828 2677 873 2733 Ex
891 2677 997 2741 animo,
1021 2677 1132 2756 Θαμινά

202 2767 373 2830 adverbium
384 2813 392 2843 ‚
403 2769 482 2845 quod
495 2770 598 2828 Snidas
608 2773 744 2848 exposuit
759 2776 882 2851 συνεχῶς.
892 2771 986 2847 Ἅδην,
1003 2776 1130 2837 Allatim.

204 2895 216 2919 «ι
229 2867 332 2926 Suidas
344 2888 351 2923 :
364 2864 438 2937 ἅδην·
447 2865 504 2934 ἅλις
516 2865 532 2937 ἢ
544 2868 580 2933 εἰς
591 2866 676 2949 κόρον,
688 2872 795 2943 ἱκανῶς,
805 2870 958 2952 ἀρκούντως.
968 2874 1033 2944 Quo
1046 2894 1131 2933 sensu

205 2987 282 3046 saepe
307 2966 412 3024 leniter
430 2967 640 3043 pronunciatur
654 2967 730 3040 ἅδην.
754 2969 810 3027 Sed
833 2989 918 3049 asper
940 2972 1059 3049 spiritus
1074 2993 1134 3031 non

205 3079 282 3123 caret
300 3065 479 3122 auctoritate.
490 3090 503 3115 ν
515 3067 643 3123 Boiseoa.
663 3066 708 3124 Τὰ
726 3064 829 3139 πολλά,
848 3068 1032 3146 Plerumque.
1049 3070 1135 3129 Συνε-

206 3163 294 3235 ζήτει,
311 3161 519 3240 ιῦἰεηυὶνεὺαῑ
529 3190 555 3241 ν,
573 3164 692 3222 videtur
706 3185 787 3238 esse,
801 3187 890 3243 quum
903 3167 1056 3227 hominum
1074 3169 1134 3227 ele-

207 3261 370 3340 gantiarum
383 3280 479 3318 mores
493 3261 623 3321 imitetur
643 3263 704 3337 leo,
716 3262 789 3320 Cum
803 3284 838 3321 eo
857 3265 1135 3342 philosophabatur.

251 3359 354 3417 11-30.
375 3362 410 3414 In
426 3359 470 3415 liis
483 3362 608 3416 conviviis
628 3381 717 3417 senec
728 3367 834 3439 sitnon,
849 3366 906 3438 qui
917 3370 1057 3420 structoris
1070 3365 1139 3437 ofd-

208 3460 250 3514 oio
262 3454 453 3533 fingebatur,
477 3461 553 3513 nocis
573 3460 689 3514 advertis
698 3463 816 3514 meliora
838 3460 1136 3536 qnoequeappanebat‚

208 3555 311 3612 omtcoe
324 3557 424 3613 domas
436 3559 522 3633 culpi
534 3556 677 3613 hesternas
696 3558 842 3632 reliquias.
864 3558 948 3631 Quod
956 3557 1139 3635 aegreferens
