2532 4318
539 270 770 336 Expulcfflo

512 496 796 565 FABULAIIX.

229 698 287 737 uus
302 699 354 747 qu
370 699 403 737 ιι(
415 699 512 738 onuu
532 680 822 740 cuctnlu.Alib1non
838 681 956 740 videtur
968 683 1034 761 legi.

229 775 262 833 V
280 796 317 833 1-
295 785 345 843 -tu
368 780 436 834 Mus
455 781 507 855 qui
519 788 548 835 iu
561 784 646 836 ullam
656 785 733 854 juris
750 783 868 856 plenam
881 783 1033 851 ceciderat,
1051 785 1119 840 dum

190 876 275 951 adipe
294 875 456 950 suffocatur
475 880 564 934 dicit:
589 882 662 948 Edi,
694 878 796 948 bum
784 882 897 937 lautitiis
908 880 1020 952 fruitus
1036 902 1120 939 sum:

191 992 265 1029 uuuc
282 988 357 1030 recte
372 981 487 1033 moriar.
505 974 626 1035 Πέπωκα
638 997 654 1034 a
668 973 745 1035 πίνω.
762 976 855 1034 Versu
872 976 1004 1046 amelius
1019 983 1121 1061 τρυφῆς

189 1066 428 1150 πέπλησμαιίθςίῑ
444 1072 482 1129 iil
494 1072 740 1149 Boissouadiusp
756 1092 823 1131 v111.
871 1076 878 1085 “

231 1169 257 1239 5,
270 1169 299 1227 6.
317 1170 403 1226 Curia
423 1175 516 1227 moral
515 1177 547 1228 is
561 1169 735 1254 Παραιτήσῃ,
752 1170 905 1249 Repudies.

520 1376 688 1443 FABULA
715 1377 783 1444 LX.

226 1584 363 1625 vuuu‘rou
390 1587 427 1625 m
450 1587 594 1626 mscnon.
616 1566 691 1625 Alibi
718 1586 775 1623 non
799 1566 915 1624 videtur
943 1566 1052 1627 haberi.
1077 1598 1116 1612 -

189 1667 315 1721 Venator
323 1679 352 1722 et
357 1671 484 1740 piscator
490 1668 608 1741 proedas
620 1685 687 1722 suas
700 1671 773 1721 iuter
784 1686 814 1721 se
819 1678 998 1741 permutant,
1012 1680 1045 1723 ut
1048 1673 1115 1739 jam

183 1767 294 1819 suavius
305 1762 409 1834 serina
428 1782 512 1847 caruf
530 1769 663 1837 piscatur,
682 1760 805 1836 piscibus
822 1774 1115 1820 venatorvescautur.

187 1861 265 1933 Quos
273 1861 426 1937 gaudentes
439 1880 577 1918 uouuemo
587 1867 628 1917 sie
639 1865 745 1917 monuit
756 1879 766 1915 :
785 1860 886 1915 Verum
898 1860 995 1916 iorum
1007 1879 1117 1934 quoque

179 1976 237 2032 per
252 1959 476 2015 cousuetudinem
498 1977 549 2015 uos
567 1967 660 2036 cupiet
677 1963 777 2030 satim,
804 1972 831 2015 et
850 1960 892 2014 ud
908 1972 1037 2014 consuetu
1050 1962 1114 2015 olim

184 2061 366 2116 revertemiui.
385 2056 433 2116 Χώ
452 2074 507 2135 pro
522 2055 566 2114 καὶ
582 2060 604 2117 ὁ.
625 2054 796 2128 Συνηὸολεῖν,
810 2055 958 2133 poeticum
972 2074 1028 2133 pio
1042 2076 1116 2135 συμ-

185 2149 301 2224 ὅάλλειν,
320 2151 382 2212 Sibi
398 2153 502 2212 obvios
516 2154 585 2211 fieri.
602 2151 734 2237 ᾙρέθιζεν
752 2172 918 2230 quanquam
939 2152 970 2209 in
990 2164 1115 2229 utruque

184 2250 311 2309 editione
332 2252 455 2329 iegitur,
471 2251 549 2309 haud
570 2251 658 2308 dubie
675 2250 844 2308 mutandum
869 2249 962 2306 estin
987 2248 1114 2328 ᾑρέτιζεν,

184 2347 248 2406 Sibi
273 2348 418 2418 sumebat,
443 2347 480 2407 ab
507 2346 636 2429 αἱρετίζνν.
671 2345 787 2428 Ἀγρίην,
814 2346 1016 2406 «silvestrem.
1032 2373 1044 2398 »
1070 2349 1114 2406 Τά

186 2444 281 2506 ionice
296 2445 391 2524 proti.

506 2648 678 2716 FABULA
704 2648 789 2715 LXI.

228 2852 332 2890 nunus.
357 2833 440 2890 conf.
464 2832 561 2908 AEsop.
587 2828 654 2889 Fab.
676 2837 740 2901 140,
761 2849 791 2906 p.
815 2829 862 2898 82,
877 2830 995 2887 338.-
1016 2831 1114 2886 Mutus

185 2932 286 2988 hordeo
302 2946 383 2989 satur
397 2937 519 2988 cucurrit
527 2928 661 3004 superbus
677 2931 757 2985 etde
774 2949 847 3005 equa
868 2943 962 2986 'notre
972 2933 1116 3006 glorians!

183 3036 236 3089 sed
249 3038 342 3090 statim
351 3039 445 3109 putris
458 3037 533 3089 asini
545 3051 653 3087 memor
669 3036 839 3106 compescuit
848 3051 956 3088 cursum
969 3031 1114 3107 pudibun-

182 3133 244 3188 dus.
260 3128 352 3212 Ἄργῆς
367 3128 478 3212 φάτνης,
506 3127 603 3207 ignavi
625 3128 779 3206 praesepis‚
798 3128 911 3206 poetice
925 3127 961 3186 de
981 3126 1113 3187 stabula-

184 3228 264 3285 tione
286 3228 387 3287 otiosa.
409 3224 556 3307 Κριθιήσας
585 3225 680 3283 ionice
703 3245 758 3303 pio
779 3223 924 3306 κριθιάσας.
958 3223 1044 3286 Οὐδέν
1069 3237 1113 3284 est

184 3337 316 3385 nostrum
328 3347 364 3384 uu
379 3329 448 3384 rien.
462 3324 517 3385 Ὧν
542 3323 711 3402 ἀνεμνήσθη,
735 3323 810 3382 hanc
834 3324 967 3401 syntaxin
988 3322 1113 3402 explicat

186 3424 326 3483 Burnouf.
339 3430 354 3497 5
368 3427 435 3502 369,
457 3445 480 3483 ι.
