2532 4318
207 249 229 307 ,2
561 225 793 287 urrunnun

214 361 278 401 rum
291 341 399 401 excidit
419 360 520 401 versus
533 341 702 400 animalium
725 341 844 401 nomina
867 341 1016 420 praebens,
1037 339 1146 419 quibus

213 441 244 499 in
267 442 323 499 line
337 439 455 498 additur
473 437 517 498 καλ
533 436 566 499 ch
581 438 662 499 λοιπὰ
682 443 734 500 τῶν
753 435 835 522 ζῴων.
850 436 969 522 mopsi,
984 441 1077 519 tora,
1094 439 1147 501 ubi

216 536 438 611 conveniebant,
449 537 661 608 consultabant,
669 539 817 617 colloquia
828 537 961 597 serebant
970 552 1081 598 veteres
1091 558 1147 618 per

215 655 345 714 magnam
361 635 419 693 diei
444 648 571 713 partem,
595 637 736 696 minorem
762 648 879 716 egentes
900 636 1004 695 domi:
1025 637 1082 695 hoc
1108 637 1146 696 nd

215 732 348 791 animalia
365 733 502 791 transfert
512 747 609 810 poeta.
623 735 758 812 Ὀμιλεῖν,
773 734 915 812 Colloqui,
926 746 955 792 et
965 755 1031 804 cuum
1045 735 1145 795 dativo

216 832 338 890 struitur
357 842 386 889 et
405 850 470 889 cum
491 831 695 911 praepositione
717 831 796 917 ττρθς,
812 843 846 890 ut
860 832 957 891 omnia
978 832 1039 891 lere
1052 828 1145 897 vei-lle

215 929 322 1008 qulbus
334 927 441 1007 aliquid
456 929 530 986 inter
542 929 613 988 duas
623 938 720 1008 parte's
729 931 773 1009 agl
789 931 972 1009 significatur.
983 930 1087 991 Συνστά
1096 931 1147 990 etl·

213 1026 382 1087 verbialiter
396 1045 449 1103 pro
463 1029 574 1094 συνετῶς
587 1027 651 1105 capi
668 1039 773 1105 potest.
790 1026 842 1086 Ἐκ
855 1031 903 1106 γῆς
916 1025 997 1105 μηδὲν
1008 1028 1146 1103 αἰτούσης,

216 1144 282 1203 quae
300 1144 394 1202 neque
407 1124 567 1182 arationem
581 1145 675 1202 neque
689 1137 844 1183 sementem
863 1124 1015 1203 poscebat,
1029 1126 1095 1199 sed,
1113 1140 1146 1186 ut

218 1223 348 1302 loquitur
360 1220 501 1281 Hesiodus
512 1242 538 1280 v,
555 1241 620 1296 117,
633 1220 733 1303 καρπὸν
750 1221 824 1304 ἔριρε
843 1222 962 1305 ζείδωρος
975 1221 1073 1305 ἄρουρα
1094 1225 1145 1283 αὖ·

215 1304 331 1403 τομάτη.

257 1420 363 1491 14-16.
385 1421 478 1491 Hujus
490 1424 533 1476 rei
542 1425 723 1478 testinnonium
737 1440 797 1479 esse
805 1421 837 1475 in
842 1417 957 1491 sabulis
969 1424 1067 1497 AEsopi
1073 1441 1145 1497 pm·

212 1523 304 1579 iaicis.
328 1513 423 1574 Verba
436 1515 476 1574 ita
492 1515 630 1573 struenda
646 1537 653 1571 ε
670 1513 760 1594 μάθοις
786 1513 809 1573 δ’
831 1512 861 1572 θν
884 1515 931 1575 καλ
951 1514 1040 1595 γνοίης
1060 1521 1146 1577 ταῦτα

139 1642 141 1645 ’
211 1612 291 1678 οὕτως
306 1610 401 1693 ἔχοντα
413 1614 444 1671 ἐκ
455 1617 501 1684 τῆς
512 1609 648 1694 ἐλευθέρας
663 1610 762 1690 μούσης
778 1616 824 1670 τοῦ
836 1618 916 1697 σοροῦ
932 1610 1051 1695 γέροντος
1066 1616 1144 1693 ἡμῶν

214 1706 358 1784 Αἰσώπου,
370 1707 515 1790 φράσαντος
528 1707 633 1790 μύθους.
648 1706 789 1792 Ἐλευθέρα
802 1714 904 1787 μοῦσα,
921 1723 952 1768 ut
971 1711 1080 1769 Latinis
1097 1733 1145 1768 so-

214 1812 272 1867 luta
287 1828 369 1865 musa
377 1850 388 1879 ,
405 1807 441 1865 de
456 1808 538 1885 poesi
554 1821 646 1865 metro
662 1825 721 1864 non
735 1806 860 1865 astricto.

257 1927 362 1983 17-19.
384 1910 494 1964 Harum
509 1905 680 1982 fabularum
704 1920 736 1963 nt
759 1920 803 1976 tn,
829 1907 977 1976 Branche,
1002 1914 1147 1965 memorioe

213 2008 333 2063 mandes
359 2025 446 2062 unam
466 2026 621 2083 quamque,
648 2027 698 2064 eas
723 2026 821 2063 suaves
838 2008 955 2064 reddam
972 2027 1028 2083 per
1047 2027 1148 2064 uersus

213 2103 344 2161 iambicos
357 2102 457 2179 quibus
472 2106 692 2162 amaritudinem
708 2124 845 2161 exemero.
868 2105 959 2162 Notus
971 2117 1013 2161 est
1031 2123 1147 2163 amatus

216 2203 264 2261 ille
281 2200 394 2260 iambus
406 2220 464 2278 quo
485 2199 578 2259 rabies
593 2201 715 2258 ernsavit
732 2199 958 2258 Archilochum:
977 2199 1012 2258 de
1031 2220 1090 2278 quo
1109 2221 1147 2260 ne

216 2300 337 2379 'cogitari
348 2298 438 2377 possit
451 2296 551 2356 sedulo
566 2295 622 2356 sibi
635 2309 719 2354 cavet
733 2295 854 2355 Babrius
870 2296 956 2357 ethic
968 2309 996 2354 et
1007 2297 1035 2354 in
1055 2298 1147 2355 altero

218 2399 359 2481 prooemio
376 2417 442 2477 pag.
455 2397 501 2474 57.
527 2395 722 2464 Narniamlis
743 2415 859 2474 quoque
877 2395 1030 2474 AEsopicis‚
1053 2396 1147 2474 iisque

217 2495 343 2555 iurnbico
361 2508 455 2552 metro
472 2496 603 2573 scriptis,
626 2496 758 2554 inimicos
775 2515 842 2553 suos
866 2477 1032 2572 persecutus
1053 2494 1148 2554 fuerat

217 2591 409 2654 Archilochus
424 2591 504 2680 :jam
530 2592 650 2652 Rubrius
668 2609 697 2652 et
716 2596 777 2673 ipse
792 2592 917 2653 iambico
932 2605 1024 2653 metro
1039 2591 1149 2653 fabulas

218 2692 366 2772 AEsopicas
380 2691 593 2768 compositurus
602 2692 742 2751 amaror-is
752 2691 945 2769 suspicionem
960 2689 1059 2765 procul
1072 2687 1150 2751 absc

217 2791 339 2871 repellit.
354 2789 411 2848 Sed
423 2788 511 2848 verbu
522 2789 584 2866 ipse
602 2802 695 2867 poetae
705 2788 734 2845 in
748 2787 802 2845 hac
814 2788 909 2865 prima
924 2788 1028 2864 {sagina
1039 2788 1149 2849 codicis

219 2888 324 2947 detrita
339 2900 367 2945 et
382 2886 499 2965 paedore
513 2884 695 2965 pessumdata
712 2885 859 2963 aegerrime
872 2883 1044 2962 legebantur
1061 2888 1149 2947 allit-

219 2985 301 3066 νωΐδῃ
315 2987 413 3068 Marii,
432 3004 526 3062 neque
546 2984 575 3040 in
581 2996 659 3060 tegra
672 2992 747 3041 sunt.
765 2979 931 3062 Μελισταγές
945 3004 986 3042 σοι
999 2985 1037 3065 νῷ
1050 2981 1081 3043 τὸ
1097 3007 1149 3058 κη-

218 3084 272 3166 ρίον
283 3082 373 3157 θήσω,
387 3080 578 3141 «Mellitluum
591 3094 646 3139 tuae
657 3081 744 3138 menti
757 3080 854 3139 savum
866 3100 1011 3158 apponam
1022 3107 1034 3134 υ
1044 3104 1053 3142 τ
1064 3083 1150 3145 luerit

219 3181 309 3259 igitur
324 3202 365 3239 σοι
381 3182 417 3261 νῷ
434 3198 488 3257 pro
509 3200 555 3238 σου
569 3179 608 3259 τῷ
621 3181 675 3260 νῷ,
689 3191 720 3236 ut
739 3192 833 3258 poetae
845 3180 939 3238 Graeci
949 3186 1067 3257 'piantem
1084 3195 1149 3260 post

225 3292 317 3339 totum
329 3277 432 3337 eodem
446 3298 513 3336 casn
528 3277 558 3339 lx
575 3274 748 3360 παραλλήλου
763 3290 892 3356 ponunt,
907 3280 986 3339 velut
1000 3280 1077 3359 apud
1093 3282 1151 3341 tto

222 3397 349 3448 uterum,
366 3371 461 3456 τρόμος
477 3373 505 3456 μ’
521 3371 618 3433 ἔλλαθι
634 3381 713 3453 γυῖα,
737 3371 780 3434 chr
792 3371 818 3433 δὲ
833 3375 924 3444 σκότος
937 3375 994 3436 ὄσσ’
1007 3376 1149 3460 ἐκάλυψαν,

222 3488 251 3533 ct
262 3475 352 3534 multa
368 3474 479 3531 similin.
496 3474 677 3533 Postremum
693 3473 866 3532 vocobulum
877 3472 1006 3545 θηλάσσαι
1019 3496 1078 3533 non
1095 3494 1150 3555 po·

224 3586 278 3635 test
290 3571 409 3653 intelligi
420 3592 426 3626 :
437 3591 527 3651 quere
544 3572 585 3630 ill.
606 3571 811 3633 Boissonudins
826 3572 938 3633 l‘raelat.
953 3594 1015 3653 pag.
1024 3593 1067 3631 vu
1079 3592 1149 3651 pro·
