2532 4318
244 269 475 331 Funuttnuu
497 266 608 342 LXXV,
630 269 761 342 LXXVI,
780 268 918 329 LXXVII.
1008 270 1042 329 51

115 386 211 446 cuens
221 387 369 466 impotens
382 387 410 444 in
424 406 516 463 genua
529 386 691 464 procidere.
707 387 756 447 Sic
768 387 860 444 molto
871 386 973 446 melius
987 385 1047 444 haec

114 500 280 564 congruunt
290 491 377 563 quom
387 505 452 542 cum
463 484 820 562 Suidaeioterpretntione‚
829 486 978 563 ceteroqui
987 504 1045 543 non

114 582 200 642 tincta
212 604 250 641 ex
262 594 363 641 nostro
380 582 446 641 loco
467 582 572 641 Rubrii.
588 582 705 641 Τάσσειν
721 582 829 641 dicitur
841 582 878 642 de
892 581 1047 641 ordinibus

114 680 239 738 miiitum
258 678 483 755 constituendis3
505 678 584 738 uode
602 676 682 747 τάξις.
705 678 889 755 Μεθιστᾶναι,
904 681 970 739 ΑΙίο
984 701 1042 759 po-

116 796 198 850 nere,
213 777 396 838 Transierre.

406 985 586 1052 FABULA
611 985 763 1053 LXXVI.

156 1185 272 1224 conros
288 1185 326 1221 ur
338 1184 456 1222 ruerus.
472 1164 557 1224 Cous.
571 1165 669 1243 AEsop.
680 1162 751 1224 Fab.
766 1174 839 1233 2043
856 1163 1009 1223 Phaedrnm
1019 1163 1049 1234 l,

121 1266 164 1322 13.
176 1296 218 1309 -
245 1264 363 1319 Casenm
385 1282 468 1337 quem
483 1282 580 1318 corvus
593 1283 641 1318 ore
662 1260 790 1330 tenebat,
815 1268 916 1337 cupivit
938 1266 1048 1337 uulpres.

116 1358 219 1437 letique
230 1361 361 1417 dilaudat
368 1379 488 1428 corvum,
504 1366 599 1416 omnia
606 1364 754 1434 proeclnra
764 1362 792 1415 ei
800 1379 859 1416 esse
870 1362 1049 1434 dr'censprae·

118 1474 277 1518 oervorem.
296 1460 342 1514 Ea
364 1459 449 1513 laude
468 1458 584 1531 inflatus
598 1478 692 1513 corvus
707 1463 821 1512 crocitat
832 1470 861 1513 et
872 1460 984 1514 diorittt't
995 1479 1047 1513 ca-

116 1552 212 1627 serim,
229 1575 312 1632 quem
321 1557 645 1630 vulfresarrr’pr'tdicens,
661 1552 786 1627 Profecto
799 1574 930 1612 noneras
938 1570 1048 1613 mutus:

117 1669 220 1712 cuncta
235 1652 290 1710 tibi
301 1665 368 1708 sunt
378 1664 492 1727 proeter
503 1665 635 1710 mentem.
656 1649 781 1730 Δεδηχώς
796 1672 812 1708 a
830 1649 932 1726 δάκνω,
947 1653 1047 1711 Morsu

118 1752 277 1833 prehendo.
291 1749 409 1831 Ἰχανᾷν,
425 1748 547 1807 verbum
571 1751 722 1828 antiquum
738 1764 767 1808 et
789 1769 902 1823 rarum,
914 1753 1048 1830 Cupere,

117 1871 183 1910 cnm
196 1849 338 1929 genitivo,
347 1861 380 1906 ut
393 1849 530 1926 ἐπιθυμεῖν
542 1861 570 1905 et
583 1847 619 1908 ai.
632 1848 771 1908 Barnous,
785 1849 913 1925 §328,1.
927 1848 1048 1934 Κερδῴη,

117 1949 246 2022 Callida,
268 1966 353 2003 versu
379 1967 414 2003 1o
439 1942 553 2026 inopi.
578 1947 616 2004 Et
634 1947 753 2024 vulpem
772 1944 857 2026 κερδώ
878 1938 1049 2026 simpliciter

117 2046 223 2106 dictam
238 2043 375 2102 vidimus.
387 2042 496 2116 Γλήνη,
515 2043 632 2121 Pupilla
657 2042 751 2114 oculi,
763 2055 792 2101 et
811 2042 847 2102 de
863 2045 957 2104 Oculo
972 2047 1046 2124 ipso.

118 2141 242 2217 Θηητός,
254 2141 351 2200 ionice
361 2161 418 2219 pro
430 2138 539 2211 θεατάς,
558 2141 755 2219 spectandus,
774 2142 912 2222 Spectato
929 2143 1047 2222 dignus,

120 2239 316 2302 Admirabiiis.
341 2235 488 2320 Κατισχόω
503 2258 569 2295 cnm
583 2238 712 2317 genitivo
731 2250 764 2296 ut
779 2252 873 2297 cetera
888 2240 979 2300 verba
992 2243 1048 2302 Su·

118 2338 260 2420 precandi,
274 2357 329 2395 osu
342 2337 512 2415 propinquo
530 2335 590 2407 itti,
608 2356 667 2413 quo
686 2337 831 2411 genitivus
847 2357 912 2396 cunr
927 2359 1047 2419 compn-

120 2437 221 2497 rativis
239 2435 368 2521 ponitur.
383 2431 480 2506 Ἔσσί,
496 2434 592 2490 ionice
606 2454 661 2512 pro
676 2422 723 2499 εἷς.
743 2433 845 2503 Χαυνός
862 2439 983 2516 proprie
1004 2456 1049 2500 est

119 2537 228 2606 Rarus,
241 2546 270 2591 et
289 2532 451 2610 opponitur
473 2532 568 2589 Denso
583 2532 742 2609 Soiidoqoe
760 2556 767 2589 ε
788 2533 857 2592 hinc
876 2534 912 2594 de
930 2536 1048 2599 levitate

119 2632 210 2692 animi
225 2630 284 2688 iani
298 2629 422 2700 dicitnr,
437 2628 488 2705 qui
504 2627 641 2687 inanibus
662 2630 745 2690 facile
756 2630 887 2704 effertur,
899 2632 935 2693 de
950 2636 1048 2695 honri-

120 2748 247 2789 nerano
261 2750 268 2785 :
281 2726 356 2785 vaiet
376 2726 466 2804 igitur
479 2724 617 2803 ἐχαυνώθη
634 2725 756 2808 καρδίην,
770 2733 875 2788 Animo
889 2736 1046 2795 vanitatem

121 2826 269 2904 concepit,
291 2844 381 2881 vanus
397 2823 490 2881 sactus
501 2834 554 2880 est.
566 2820 742 2906 'bapti-(o,
757 2841 906 2903 exspectes
920 2830 1047 2912 κέκραγε,

121 2924 173 2984 sed
204 2934 282 2981 amat
311 2920 435 2980 Babrins
463 2919 744 3000 plusquamperfecto
770 2924 937 2987 choliarnbo
964 2930 1048 2989 valdo

121 3019 284 3082 commodo„
300 3017 414 3088 Arion,
427 3017 621 3092 intransitive,
633 3044 646 3072 α
658 3020 759 3080 nent».

405 3224 577 3293 FABULA
602 3225 769 3296 Lxxvu.

164 3426 279 3468 conns
294 3424 456 3465 notorius.
470 3406 552 3467 (loni.
562 3407 657 3487 AEsop.
671 3409 741 3469 inb.
760 3414 823 3483 132,
838 3432 868 3491 p.
885 3415 934 3486 73,
944 3416 1053 3484 334.-

128 3512 281 3586 AEgrotnns
303 3522 399 3560 corrur
422 3518 542 3561 matrem
563 3519 677 3576 monn,
698 3527 735 3563 ne
750 3512 879 3583 ploratur
894 3513 978 3581 edat,
1003 3516 1057 3571 red

127 3604 358 3681 concepiotvotn.
370 3601 566 3679 Atprulrnam,
581 3603 677 3678 inquit
688 3616 795 3676 mater,
810 3619 837 3663 te
850 3608 965 3667 cleonem
977 3612 1054 3667 sani·
