2532 4318
221 275 258 343 ὃν
569 274 801 335 Exrtlcn'tto

220 396 274 449 tati
289 388 429 462 restituet,
448 409 534 467 quum
558 393 685 448 omnium
705 388 868 465 spoliaveris
887 390 976 444 aras?
987 383 1156 470 Ἀνασρῆλαι

218 487 345 546 vidimus
361 485 429 546 tab.
446 486 569 549 LXXIV.
590 488 750 547 Hominum
773 485 985 543 sceleratissimi
1002 486 1154 546 vocaban-

219 597 269 643 tur
280 581 443 663 βωμολόχος,
455 583 537 662 quasi
552 583 631 641 dicas
644 583 709 645 Aris
723 581 957 655 insidiantes‚'ut
972 584 1156 661 grammatici

219 682 382 761 explicant,
397 684 422 740 oi
437 683 568 760 λοχῶντες
590 679 637 740 καὶ
661 678 774 762 κρυφίως
791 678 991 759 ὑποκαθήμενοι
1009 679 1071 761 περὶ
1094 682 1154 750 τοὺς

221 777 326 859 βωμοὺς
337 780 380 840 ἐπὶ
393 783 432 861 τῷ
445 778 571 861 ἁρπάζειν
584 776 618 838 rb
632 778 801 858 ἐπιτιθέμενα
821 777 935 859 θύματα.
950 779 1030 845 idem
1047 802 1154 842 corvus

220 879 269 937 itte
286 878 409 948 fecerat,
422 878 474 956 qui
486 876 557 936 deos
570 898 625 956 pro
640 897 671 936 se
684 877 761 935 votis
776 877 850 935 adiri
859 875 992 956 jubebat.

495 1082 670 1151 FABULA
694 1082 875 1151 Lxxvttl.

264 1285 346 1324 cinis
361 1286 399 1323 nr
410 1286 517 1324 nunni.
535 1267 618 1325 (loni.
633 1268 732 1345 AEsop⁴
743 1265 814 1326 Feb.
834 1286 891 1344 ²09
902 1289 910 1335 ;
920 1264 1076 1347 Phaedrum
1087 1266 1115 1339 1,
1127 1278 1155 1337 t.
1252 1256 1253 1263 ἵ

262 1362 297 1421 V.
315 1364 380 1420 1-6.
398 1364 508 1433 Carnis,
518 1385 605 1440 quum
614 1363 771 1441 portabat,
784 1370 812 1421 irt
815 1366 946 1438 flumine
960 1385 1155 1440 repercussum

223 1462 375 1537 imaginem
399 1463 538 1533 majorem
557 1464 660 1523 videus
678 1463 759 1518 canu
778 1460 943 1519 sectabatur
962 1484 969 1518 :
985 1467 1026 1518 sio
1047 1464 1156 1520 amissa

224 1577 312 1616 carae
325 1565 388 1634 ipsu
393 1565 514 1632 jejunus
519 1560 641 1632 flurium
657 1560 800 1618 tranabat.
820 1556 967 1632 ustitia,
985 1557 1156 1636 ijecerut‚

224 1675 284 1734 quo
296 1676 351 1714 usu
360 1675 420 1714 non
434 1676 532 1714 rarum
543 1669 588 1715 est
600 1656 724 1734 simplex
737 1654 836 1735 βάλλω.
848 1654 935 1737 Πόρος
947 1676 1025 1734 saepe
1036 1656 1157 1735 quidem

223 1766 267 1812 cst
278 1753 359 1831 quod
369 1753 479 1814 Latinis
493 1753 606 1813 vadum
620 1776 628 1811 s
643 1752 695 1811 sed
712 1753 807 1830 quivis
823 1753 942 1827 fluvius,
958 1753 1055 1833 ipsum
1067 1756 1156 1814 enam

223 1871 304 1912 mare
312 1899 321 1928 ,
332 1872 425 1933 graece
438 1852 471 1910 fit
484 1850 565 1934 πόρος
579 1852 697 1930 quando
713 1853 863 1911 transitur.

265 1972 298 2025 7,
311 1952 339 2010 8.
363 1953 449 2010 Cirris
461 1953 587 2008 moralis.
603 1950 739 2023 «Poterit
755 1962 785 2009 et
795 1970 851 2029 pro
865 1948 1075 2011 stabulatione
1094 1973 1157 2013 esse

224 2049 387 2109 Democriti
416 2049 559 2113 sententia
582 2047 662 2125 apud
686 2047 837 2121 Stobaeum
859 2048 937 2108 Flor.
961 2049 1007 2116 X,
1032 2050 1071 2127 69
1086 2071 1095 2107 s
1110 2055 1157 2111 τοῦ

225 2146 333 2214 πλέονος
347 2146 473 2228 ἐπιθυρίῃ
487 2146 517 2207 τὸ
530 2144 628 2229 παρεὸν
645 2145 788 2220 ἀπόλλυσι,
803 2149 838 2227 τῇ
853 2145 994 2227 bisuntin
1008 2146 1068 2206 κυνὶ
1080 2147 1156 2224 ἰκέλη

224 2243 395 2325 γιγνομένη.»
414 2248 540 2303 Boissort.
564 2242 624 2311 Βίος
642 2244 690 2302 hic
711 2256 741 2303 et
759 2263 834 2322 saepe
852 2264 906 2322 pro
931 2243 1031 2324 βίοτος,
1044 2245 1155 2311 Victus.

224 2342 398 2427 Πραγράτων
413 2343 531 2402 minime
545 2353 589 2401 est
610 2367 623 2393 ο
637 2343 742 2401 Rerum
753 2367 784 2412 ν,
803 2341 853 2399 sed
866 2342 1076 2420 Negotiorum,
1092 2365 1157 2423 quae

226 2440 350 2499 dicimus
369 2444 419 2497 des
436 2439 570 2516 affaires.
589 2439 676 2499 Avidi
689 2438 816 2497 hominis
831 2439 924 2498 victus
941 2440 1070 2500 incertus
1083 2462 1156 2503 con-

225 2537 350 2596 sumitur
364 2556 437 2596 vana
450 2556 502 2615 spe
511 2537 739 2614 negotiationum
748 2581 757 2615 ,
767 2536 786 2594 i.
798 2555 823 2594 e.
835 2536 1082 2615 negotiationibus
1091 2561 1157 2619 quae

225 2655 286 2695 non
299 2654 418 2716 prospe
432 2635 600 2699 succedunt.

515 2837 687 2907 FABULA
713 2838 865 2907 LXXIX.

267 3041 407 3081 sisinnus.
419 3020 505 3080 Cous.
520 3021 618 3099 AEsop.
631 3019 702 3081 tab.
723 3020 789 3090 405.
811 3054 851 3092 ππ
874 3024 1020 3083 Camelum
1039 3024 1155 3101 cogebat

225 3121 357 3177 domiuus
375 3119 405 3175 iu
418 3123 537 3176 convivio
556 3121 597 3175 ad
615 3117 699 3177 tibias
718 3123 833 3182 saltare.
849 3125 905 3183 Cui
915 3124 966 3179 itte
977 3142 989 3177 .·
1000 3123 1156 3182 Ambulare

225 3223 333 3276 utinam
340 3236 454 3294 possem
466 3218 528 3274 sine
539 3222 598 3276 risu
611 3223 812 3293 spectantium!
826 3221 941 3280 Dicitur
953 3219 1090 3302 ὀρχεῖσθαι
1108 3225 1152 3282 ὑπ’

225 3315 329 3388 αὐλοῖς,
341 3313 453 3375 satiare
470 3313 521 3372 sub
534 3313 669 3373 tibiarum
687 3314 800 3389 modis,
815 3319 886 3396 quia
907 3318 1040 3377 saltantis
1056 3334 1153 3382 motus

224 3425 367 3492 reguntur
390 3409 469 3471 tibiis
495 3432 655 3492 earumque
677 3414 760 3490 quasi
781 3416 934 3495 praeceptis
960 3431 1072 3498 parent.
1095 3420 1154 3482 iiis

225 3510 316 3581 cresis
330 3510 538 3593 particularum
553 3509 600 3570 xci
612 3512 647 3587 ἐν.
662 3507 711 3583 Μή
723 3534 768 3586 τι,
779 3511 904 3575 Nedum.
