2532 4318
218 286 241 344 6
526 293 530 300 ’
569 290 802 351 excusatio

220 416 317 461 omnes
328 415 466 463 tenentur.
489 402 621 477 Βιὸλήκιι
640 404 758 485 σαγήνην
781 406 950 487 simpliciter
968 404 1076 466 dicitur
1089 407 1153 467 sine

219 500 256 566 tle
272 496 392 579 ποταμὸν
408 502 452 560 rel
467 500 617 577 θάλασσαν,
635 517 666 562 ιιι
682 503 712 561 in
727 504 792 563 aliis
805 524 922 583 quoque
937 502 1042 584 linguis
1057 504 1152 581 pluri·

218 594 282 657 bus.
291 592 394 678 Ἔτυχε
401 618 456 677 pro
466 596 557 679 ἔτυχεν
567 589 642 672 οὖσα,
650 600 798 680 quomodo
807 602 985 680 antiquiores
996 603 1154 682 scriptores

218 693 303 772 loqui
317 695 419 754 solent.
431 689 519 777 Ὀψαν
531 698 712 776 frequentius
725 701 811 758 etiam
830 720 916 777 quam
932 700 1052 758 latinum
1072 698 1154 758 odro-

218 798 296 851 m‘nnr
308 793 346 852 de
360 794 488 872 piscibus
500 796 604 856 eximie
614 798 675 856 sive
686 795 747 855 κατ’
761 794 854 876 ἐξοχὴν
872 810 1038 876 trsnrpatur.
1050 796 1085 858 ‘0
1104 789 1153 857 lt-

218 887 283 958 πτός
293 890 446 950 collective
461 892 677 972 intelligendum
692 908 743 953 est.
758 895 805 961 Εἰς
825 894 918 974 βυθόν,
932 895 1064 956 Fundam
1083 916 1152 956 rer·

218 1004 285 1058 sus,
298 988 318 1046 i,
331 1008 356 1047 e.
375 989 407 1049 in
419 1009 498 1048 utare
513 1010 521 1046 ι
538 1011 603 1049 nam
617 991 761 1071 frequenti
780 1012 835 1050 usu
848 993 954 1053 lactum
967 1005 1010 1051 est
1026 1006 1059 1052 ut
1074 993 1153 1072 βυθός

220 1084 391 1163 simpliciter
402 1086 439 1146 de
451 1087 526 1147 Mari
541 1088 662 1148 dicatur.
681 1086 839 1158 Ὑπιξίδυνι
850 1089 923 1148 verti
938 1086 1037 1169 potest¹
1047 1090 1153 1151 «flam

221 1184 338 1262 elapsus
350 1196 411 1243 ests
424 1207 432 1244 ε
449 1185 498 1245 sed
516 1188 655 1266 quoniam
671 1187 804 1266 ignorare
817 1208 875 1245 non
888 1201 1003 1267 poterat
1016 1190 1096 1267 quod
1109 1189 1156 1249 ul·

221 1278 457 1360 debatpiscator,
473 1284 607 1344 hocloco
622 1283 686 1355 bad,
698 1298 731 1343 ut
745 1286 774 1343 in
787 1284 955 1367 ὑποφεύγειν,
977 1307 1038 1351 earn
1052 1287 1153 1346 notio·

221 1384 289 1439 neni
312 1377 432 1440 habebit
449 1402 535 1459 quam
549 1395 683 1441 nostrum
704 1404 768 1441 roas
785 1382 815 1441 in
839 1382 932 1442 verbo
949 1402 980 1442 se
994 1390 1154 1444 scurnum.

221 1475 367 1553 'daldun
382 1480 523 1540 Extentus
543 1495 599 1557 est,
620 1500 674 1561 per
689 1480 905 1561 oppositionem
926 1502 1038 1562 sagenae
1050 1483 1080 1540 in
1095 1498 1154 1561 qua

222 1578 361 1636 coarctati
376 1578 500 1637 fuerant.

231 1732 236 1739 ,
262 1675 331 1734 6-8.
354 1675 441 1733 Cdrr'n
458 1679 581 1734 morulis.
600 1674 770 1754 subjectum
789 1675 880 1737 ested
900 1676 994 1760 μικρὸν
1009 1666 1091 1751 εἶναι,
1106 1680 1155 1737 cui

223 1771 340 1832 additur
353 1772 539 1851 predicatum
554 1773 679 1851 duplex,
693 1771 749 1832 lori
759 1772 878 1856 σινιηρία
891 1773 1096 1851 (substantivo)
1106 1766 1155 1834 καὶ
1176 1786 1179 1791 “

224 1871 314 1931 κακῶν
333 1865 385 1940 (ξω
399 1869 483 1951 (lnrl,
497 1872 536 1933 Et
548 1885 631 1931 extra
644 1872 718 1931 mala
732 1870 884 1953 [positum]
904 1871 975 1953 est),
990 1872 1088 1952 phrasi
1101 1868 1156 1934 ad-

219 1968 334 2047 jectiva
1016 2008 1019 2011 -

570 2175 740 2244 Fluunt
764 2177 806 2246 V.
872 2166 876 2173 ⁸

250 2366 355 2418 sanant
374 2380 559 2421 oanunrcrr.
581 2360 665 2421 Gonl.
681 2361 779 2439 AEsop.
792 2359 861 2421 Fab.
877 2362 943 2434 aab,
956 2381 984 2441 p.
1003 2361 1052 2434 87,
1068 2362 1138 2429 dal.-

267 2456 300 2516 V.
322 2458 387 2516 1-6.
411 2460 490 2517 Galli
503 2459 662 2536 gallinacei
671 2460 727 2516 duo
743 2464 856 2516 iuterre
866 2457 1045 2536 pugnabant.
1061 2461 1159 2515 Vians

222 2571 288 2626 proe
300 2555 409 2629 pudore
418 2576 450 2613 ae
461 2561 490 2613 in
502 2560 608 2631 angatlo
620 2555 788 2614 abscondite
800 2562 892 2617 ulctcr
905 2562 934 2612 r'n
952 2567 1052 2613 tectum
1074 2558 1159 2614 lam

221 2654 319 2708 evolat
329 2665 359 2709 et
368 2659 454 2711 canit.
475 2655 533 2713 Per
548 2665 637 2710 totam
651 2653 853 2730 antiquitatem
865 2668 987 2730 graecam
1002 2648 1157 2708 celebran-

229 2758 277 2806 tur
296 2766 400 2826 pugaae
423 2747 674 2827 gallinaceorum:
693 2768 750 2806 nex
774 2747 820 2814 bis
843 2746 942 2827 (Plinii
964 2743 1054 2804 rerba
1078 2747 1159 2826 sunt)

227 2843 346 2922 quidam
368 2844 405 2905 ad
432 2844 507 2905 bella
538 2859 648 2905 tantum
670 2859 699 2904 et
726 2845 824 2923 prodis
847 2842 961 2903 assidua
981 2857 1158 2922 nascantur,

228 2941 336 3020 quibus
355 2942 441 3005 ctiam
463 2943 572 3023 patrias
595 2942 805 3015 nobilitarunt,
827 2939 963 3000 llltodum
983 2952 1035 2999 aut
1059 2943 1158 3000 Tana-

226 3059 343 3118 gram.»
364 3041 416 3101 Est
434 3041 550 3100 Boeotiae
572 3039 642 3099 urbs
662 3041 692 3099 in
709 3039 809 3097 acclivi
823 3039 877 3097 sita
894 3038 931 3097 ad
947 3037 1095 3109 borealem
1116 3040 1159 3103 ri·

230 3155 298 3213 pam
313 3137 403 3216 dsopi
414 3137 509 3210 lluvii,
525 3136 613 3196 hodie
626 3136 703 3195 dicta
716 3137 859 3196 Scamino.
873 3134 967 3213 Θνμόι
985 3136 1158 3195 examussim

230 3248 273 3293 est
287 3236 407 3294 latinum
418 3234 559 3313 Spiritus,
575 3254 635 3312 quo
651 3233 740 3293 modo
750 3233 920 3292 vertendum
937 3246 989 3292 est.
1001 3232 1157 3305 Λιίπισθαι,

230 3329 407 3391 adverbum
423 3344 512 3389 tester
527 3351 564 3388 en
581 3331 705 3400 orridrc,
721 3350 813 3409 graece
827 3329 934 3389 dicitur
948 3349 1002 3408 pro
1014 3332 1160 3403 ἡττᾶσθαι,

230 3427 324 3489 Vinci.
343 3428 508 3510 Ἐκρύιιτιτα
523 3425 595 3488 οῐιιω
610 3425 724 3507 γωνίαν,
738 3436 883 3487 structura
905 3426 1044 3485 audacior
1056 3445 1092 3485 ex
1108 3445 1157 3485 ea-

233 3548 297 3587 rum
308 3547 413 3608 genere
424 3546 497 3606 quas
508 3526 610 3605 tragici
619 3539 714 3605 poetae
723 3526 915 3603 frequentent
925 3521 1110 3605 Κρῦιπιαθαι,
1123 3524 1161 3584 se

234 3622 421 3699 abscondere,
432 3643 521 3704 quum
536 3634 646 3701 motum
657 3622 765 3684 hdioet
778 3641 839 3702 quo
847 3620 914 3702 quis
926 3618 1000 3700 petit
1011 3618 1161 3695 latebram,
