2532 4318
206 231 242 291 ll
304 231 308 239 '
555 222 785 283 Ethtca'tto

205 338 344 414 luppiter,
361 359 393 395 οο
405 344 463 415 ipse
471 341 600 414 perlatus
615 359 670 394 uno
680 359 793 414 gressu,
807 347 929 414 qtroert't,
948 341 1139 415 (laeserim,

198 439 252 511 fili
259 440 276 493 i
288 441 367 495 deese
379 441 462 495 Ιοουο.
476 440 521 495 Sir
533 442 583 495 vel
599 441 747 512 sinejartu
759 445 834 496 vicit.
853 443 946 500 Notus
967 453 1010 499 est
1028 442 1140 500 Home·

27 574 34 582 -
122 595 125 604 ,
208 537 284 595 ricus
314 538 422 615 Apollo
450 536 662 610 ἑκοτηάελέτης,
694 538 838 612 έκηὸάλος,
865 539 1007 620 ἑκάεργος,
1034 538 1139 605 ἕλκοντος.

208 633 307 714 λΙοκρά
325 635 539 694 adverbialiter.
559 662 570 688 ι
582 637 682 694 Visum
704 650 748 695 est
761 657 822 696 esse
835 635 925 719 μακρὰ
936 635 1045 706 τοξεύων
1060 638 1139 697 idem

208 746 347 793 consueta
368 733 416 792 dei
435 734 567 811 epitheto
586 732 721 804 έκηάολος.
747 735 803 793 Sed
822 738 929 812 poterit
951 737 1073 817 intelligi
1100 736 1140 795 de

208 832 321 890 actione
336 833 471 910 praesenti
485 856 492 889 :
505 854 590 907 quum
604 838 688 910 longe
700 840 876 910 sagittaret.»
890 838 1015 891 Baisron.
1031 834 1140 903 Πλεῖον,

208 929 303 988 ionice
317 949 371 1006 pru
394 929 484 999 πλέον,
497 929 608 1007 Magis,
626 930 704 1005 quod
724 930 773 988 hic
793 931 965 1009 capiendum
985 951 1039 1009 pro
1057 932 1141 990 lmn·

209 1026 290 1103 μίση
305 1038 335 1084 et
348 1045 363 1083 a
377 1027 559 1086 vehementia
574 1027 682 1104 pendet
692 1027 806 1087 volatus
819 1029 921 1106 longus
936 1030 1054 1106 sagittae.
1069 1027 1138 1113 ἹΞρ-

210 1127 262 1200 μῆς
282 1122 304 1181 δ’
321 1120 403 1182 ἔσειον
417 1123 506 1206 Ἄρεος
524 1126 550 1183 έν
567 1127 632 1203 κυνῇ
648 1122 774 1204 κλήρους,
801 1126 951 1184 llomerica
973 1127 1139 1185 imitatione

209 1221 319 1280 dictum
339 1234 368 1280 et
389 1243 421 1280 re
435 1235 464 1280 et
481 1221 596 1282 verbis:
614 1243 638 1281 ν.
658 1222 738 1282 lliad.
755 1226 797 1292 ll,
816 1245 865 1296 17¹
887 1236 917 1282 et
935 1226 988 1296 175
1003 1244 1093 1303 seqq„
1109 1240 1139 1284 et

210 1319 368 1396 praesertim
385 1321 429 1392 Ψ,
441 1321 516 1379 861:
554 1386 556 1391 ,

329 1466 449 1548 Κλήρους
467 1468 488 1525 δ’
501 1469 527 1526 ἓν
542 1465 620 1547 κυνέῃ
635 1465 766 1550 χαλκήρεϊ
779 1465 880 1527 πάλλον
898 1467 1013 1537 ἑλόντες·

331 1566 445 1644 Τεῦκρος
457 1563 484 1624 δέ
498 1567 600 1645 πρῶτος
617 1563 707 1646 κλήρῳ
721 1564 819 1645 λάχεν,

211 1724 325 1782 Primus
338 1725 456 1782 sortitus
467 1736 528 1795 est,
549 1722 567 1780 i.
583 1744 608 1781 e.
620 1725 681 1796 ejus
693 1743 755 1781 sors
772 1725 867 1802 prima
885 1725 974 1798 exiit,
990 1738 1021 1782 ut
1030 1725 1140 1803 jacula·

210 1835 291 1880 retur
304 1823 432 1900 primus:
450 1822 498 1879 sed
521 1842 609 1898 quum
629 1821 687 1879 dun
708 1834 818 1879 tantum
841 1835 924 1894 sunt,
937 1823 1060 1900 simplex
1072 1844 1140 1881 ver·

210 1918 281 1976 bum
294 1920 387 1998 λαχεῖν
404 1920 465 1977 sine
479 1921 582 1998 πρῶτος
596 1919 712 1979 sufficit,
726 1917 848 1999 Χρυοέην
865 1917 949 1987 rdiam
965 1917 1058 1998 νευρήν
1078 1941 1137 1978 nou

211 2036 284 2094 opus
299 2028 343 2074 est
355 2028 386 2073 ut
398 2036 494 2074 sumas
505 2036 559 2092 pro
573 2013 686 2097 χρυσέου
696 2014 771 2083 τόξου
787 2013 880 2097 νευρήν
893 2036 901 2076 t
913 2034 1007 2093 poetae
1019 2017 1074 2077 diis
1088 2037 1138 2075 au-

212 2133 260 2172 rea
276 2114 442 2172 sereomnia
457 2113 597 2171 tribuunt.
612 2110 774 2185 Κυκλώσας,
787 2133 853 2170 narn
869 2115 1140 2192 nervuscuisagitta

211 2212 367 2291 imposita,
395 2231 485 2289 quum
512 2209 675 2282 attrahitur,
701 2210 840 2268 circulum
857 2177 1074 2288 qundauimodo
1091 2212 1138 2272 vel

210 2330 310 2369 arcum
327 2311 425 2370 eflicit.
449 2307 581 2390 Ἑσπέρου
600 2313 657 2367 θεοῦ
684 2309 802 2366 nornine
820 2322 931 2368 veteres
949 2323 1042 2386 poetae
1056 2307 1139 2395 ᾍδην

212 2408 376 2485 appellant,
411 2406 494 2485 cujus
516 2407 599 2464 sedes
618 2418 661 2463 est
687 2406 718 2463 in
747 2405 850 2464 ultimo
872 2406 1039 2467 Occidente.
1066 2405 1139 2485 Ejus

212 2504 334 2562 {iliarum
349 2503 543 2581 Hesperidum
556 2503 659 2560 hortus
670 2502 720 2580 qui
735 2501 843 2562 dicitur
854 2524 919 2561 cum
936 2504 1031 2562 aureis
1044 2505 1139 2582 pomis

210 2601 294 2659 lictus
314 2615 374 2675 est,
393 2601 434 2659 uti
453 2612 582 2674 constat,
600 2621 617 2658 a
639 2600 715 2658 flavo
729 2601 875 2678 rutiloque
892 2602 1047 2679 splendore
1071 2602 1139 2662 solis

209 2698 377 2757 occidentis.
395 2699 427 2757 ln
446 2695 579 2777 Ἑσπέρου
606 2695 701 2768 lidron
726 2697 809 2775 prius
829 2697 1003 2758 vocabulum
1032 2711 1061 2757 et
1084 2719 1139 2777 pro

211 2796 354 2874 adjectivo
376 2809 404 2854 et
428 2816 482 2874 pro
503 2795 686 2854 substantivo
713 2806 811 2873 potest
832 2796 906 2873 capi.
930 2794 1031 2862 Διαάάς
1061 2799 1140 2854 τοῦτο

214 2891 323 2975 μέτρον,
347 2921 361 2946 ι
374 2894 480 2951 Gressu
501 2892 530 2949 id
548 2912 681 2951 emensus
698 2891 882 2965 interuallum
894 2919 918 2954 ν.
935 2893 1020 2972 Apud
1036 2894 1141 2952 Home-

215 3011 277 3049 rum
290 2990 340 3064 dii,
356 2990 406 3068 qui
420 2987 535 3056 πεδίλοις
547 2990 606 3047 suis
617 2989 750 3047 feruntur
767 2987 825 3069 ἅμα
842 2992 933 3069 πνοιῇς
947 2989 1063 3068 ἀνέμοιο,
1080 3013 1139 3051 uno

213 3087 302 3167 gradu
320 3099 403 3147 terra.
416 3087 589 3146 immensum
603 3086 728 3164 spatium
744 3086 1003 3166 comprehendunt

501 3291 669 3360 FABULA
696 3289 850 3358 LXVlll.

253 3495 342 3534 turus
354 3495 392 3532 nr
407 3473 579 3532 can1S.N0n
594 3470 713 3529 videtur
727 3468 795 3527 alibi
818 3460 883 3547 tegi.
903 3503 942 3514 —
966 3471 1054 3528 Canis
1068 3475 1142 3547 lepo-

213 3590 271 3629 rem
277 3578 466 3662 persequitur,
481 3572 533 3628 red
546 3571 591 3626 lu'c
603 3568 714 3645 effugit.
733 3570 829 3641 Quare
849 3573 946 3625 irrisus
970 3589 989 3623 a
1010 3574 1140 3647 caprario
