<?xml version="1.0" encoding="UTF-8"?>
<!DOCTYPE html PUBLIC "-//W3C//DTD XHTML 1.0 Transitional//EN"
    "http://www.w3.org/TR/xhtml1/DTD/xhtml1-transitional.dtd">
<html xmlns="http://www.w3.org/1999/xhtml" xml:lang="en" lang="en">
 <head>
  <title>
</title>
<meta http-equiv="Content-Type" content="text/html;charset=utf-8" />
  <meta name='ocr-system' content='tesseract 3.04.00' />
  <meta name='ocr-capabilities' content='ocr_page ocr_carea ocr_par ocr_line ocrx_word'/>
</head>
<body>
  <div class='ocr_page' id='page_1' title='image "./brevisexplicati00boisgoog_0025.png"; bbox 0 0 2532 4318; ppageno 0'>
   <div class='ocr_carea' id='block_1_1' title="bbox 191 224 1196 1497">
    <p class='ocr_par' dir='ltr' id='par_1_1' title="bbox 191 224 1196 1008">
     <span class='ocr_line' id='line_1_1' title="bbox 192 224 775 286; baseline 0.007 -5"><span class='ocrx_word' id='word_1_1' title='bbox 192 224 211 281; x_wconf 83' lang='grc'><strong>8</strong></span> <span class='ocrx_word' id='word_1_2' title='bbox 541 224 775 286; x_wconf 72' lang='lat' dir='ltr'>EXPLICATlO</span> 
     </span>
     <span class='ocr_line' id='line_1_2' title="bbox 191 318 1196 419; baseline -0.004 -18"><span class='ocrx_word' id='word_1_3' title='bbox 191 336 280 419; x_wconf 78' lang='lat' dir='ltr'>degit·</span> <span class='ocrx_word' id='word_1_4' title='bbox 294 334 397 398; x_wconf 79' lang='grc' dir='ltr'>Ἐλθών</span> <span class='ocrx_word' id='word_1_5' title='bbox 420 335 527 397; x_wconf 86' lang='lat' dir='ltr'>dicitur</span> <span class='ocrx_word' id='word_1_6' title='bbox 542 335 591 397; x_wconf 81' lang='lat' dir='ltr'>hic</span> <span class='ocrx_word' id='word_1_7' title='bbox 612 338 648 399; x_wconf 96' lang='lat' dir='ltr'>de</span> <span class='ocrx_word' id='word_1_8' title='bbox 666 338 765 398; x_wconf 85' lang='lat' dir='ltr'>futuro</span> <span class='ocrx_word' id='word_1_9' title='bbox 788 350 936 417; x_wconf 87' lang='lat' dir='ltr'>tempore,</span> <span class='ocrx_word' id='word_1_10' title='bbox 958 337 1029 418; x_wconf 86' lang='lat' dir='ltr'>quia</span> <span class='ocrx_word' id='word_1_11' title='bbox 1046 357 1126 417; x_wconf 81' lang='lat' dir='ltr'>prae-</span> <span class='ocrx_word' id='word_1_12' title='bbox 1189 318 1196 341; x_wconf 61' lang='lat'>⁸</span> 
     </span>
     <span class='ocr_line' id='line_1_3' title="bbox 192 433 1127 517; baseline -0.005 -19"><span class='ocrx_word' id='word_1_13' title='bbox 192 438 269 503; x_wconf 80' lang='lat' dir='ltr'>cedit</span> <span class='ocrx_word' id='word_1_14' title='bbox 288 437 432 496; x_wconf 86' lang='lat' dir='ltr'>adventus</span> <span class='ocrx_word' id='word_1_15' title='bbox 453 449 603 515; x_wconf 87' lang='lat' dir='ltr'>capturam</span> <span class='ocrx_word' id='word_1_16' title='bbox 621 458 628 493; x_wconf 74' lang='grc' dir='ltr'><strong>ε</strong></span> <span class='ocrx_word' id='word_1_17' title='bbox 644 433 726 495; x_wconf 77' lang='grc' dir='ltr'>ἐλθὼν</span> <span class='ocrx_word' id='word_1_18' title='bbox 747 435 887 517; x_wconf 79' lang='grc' dir='ltr'>συλλήψῃ,</span> <span class='ocrx_word' id='word_1_19' title='bbox 909 434 967 496; x_wconf 93' lang='lat' dir='ltr'>Ubi</span> <span class='ocrx_word' id='word_1_20' title='bbox 991 436 1127 508; x_wconf 86' lang='lat' dir='ltr'>veneris,</span> 
     </span>
     <span class='ocr_line' id='line_1_4' title="bbox 192 532 1128 617; baseline -0.004 -20"><span class='ocrx_word' id='word_1_21' title='bbox 192 538 299 617; x_wconf 85' lang='lat' dir='ltr'>capies.</span> <span class='ocrx_word' id='word_1_22' title='bbox 316 532 415 610; x_wconf 80' lang='grc' dir='ltr'><strong>Μύζω,</strong></span> <span class='ocrx_word' id='word_1_23' title='bbox 429 536 518 594; x_wconf 84' lang='lat' dir='ltr'>latine</span> <span class='ocrx_word' id='word_1_24' title='bbox 532 537 630 595; x_wconf 83' lang='lat' dir='ltr'>Masso</span> <span class='ocrx_word' id='word_1_25' title='bbox 644 534 715 615; x_wconf 87' lang='lat' dir='ltr'>(non</span> <span class='ocrx_word' id='word_1_26' title='bbox 732 535 807 594; x_wconf 91' lang='lat' dir='ltr'>enim</span> <span class='ocrx_word' id='word_1_27' title='bbox 822 534 950 613; x_wconf 77' lang='lat' dir='ltr'>Magio),</span> <span class='ocrx_word' id='word_1_28' title='bbox 966 535 1072 594; x_wconf 88' lang='lat' dir='ltr'>dicitnr</span> <span class='ocrx_word' id='word_1_29' title='bbox 1088 534 1128 593; x_wconf 86' lang='lat' dir='ltr'>de</span> 
     </span>
     <span class='ocr_line' id='line_1_5' title="bbox 193 622 1128 714; baseline -0.006 -19"><span class='ocrx_word' id='word_1_30' title='bbox 193 655 230 695; x_wconf 89' lang='lat' dir='ltr'>eo</span> <span class='ocrx_word' id='word_1_31' title='bbox 244 633 295 714; x_wconf 90' lang='lat' dir='ltr'>qui</span> <span class='ocrx_word' id='word_1_32' title='bbox 309 633 482 712; x_wconf 84' lang='lat' dir='ltr'>compressis</span> <span class='ocrx_word' id='word_1_33' title='bbox 494 632 582 691; x_wconf 84' lang='lat' dir='ltr'>labris</span> <span class='ocrx_word' id='word_1_34' title='bbox 597 653 649 713; x_wconf 91' lang='lat' dir='ltr'>per</span> <span class='ocrx_word' id='word_1_35' title='bbox 662 653 745 691; x_wconf 88' lang='lat' dir='ltr'>nares</span> <span class='ocrx_word' id='word_1_36' title='bbox 760 631 918 713; x_wconf 79' lang='grc' dir='ltr'>(μυκτῆρας)</span> <span class='ocrx_word' id='word_1_37' title='bbox 933 652 1036 690; x_wconf 87' lang='lat' dir='ltr'>sonam</span> <span class='ocrx_word' id='word_1_38' title='bbox 1048 622 1128 707; x_wconf 55' lang='lat' dir='ltr'>edit}</span> 
     </span>
     <span class='ocr_line' id='line_1_6' title="bbox 193 730 1129 809; baseline -0.002 -18"><span class='ocrx_word' id='word_1_39' title='bbox 193 730 301 791; x_wconf 89' lang='lat' dir='ltr'>deinde</span> <span class='ocrx_word' id='word_1_40' title='bbox 314 730 481 789; x_wconf 78' lang='lat' dir='ltr'>extenditur</span> <span class='ocrx_word' id='word_1_41' title='bbox 496 731 531 789; x_wconf 92' lang='lat' dir='ltr'>ad</span> <span class='ocrx_word' id='word_1_42' title='bbox 550 751 615 789; x_wconf 89' lang='lat' dir='ltr'>eum</span> <span class='ocrx_word' id='word_1_43' title='bbox 630 731 682 809; x_wconf 90' lang='lat' dir='ltr'>qui</span> <span class='ocrx_word' id='word_1_44' title='bbox 697 743 858 790; x_wconf 81' lang='lat' dir='ltr'>murmurat</span> <span class='ocrx_word' id='word_1_45' title='bbox 872 751 925 788; x_wconf 89' lang='lat' dir='ltr'>nec</span> <span class='ocrx_word' id='word_1_46' title='bbox 939 730 1072 789; x_wconf 85' lang='lat' dir='ltr'>distincte</span> <span class='ocrx_word' id='word_1_47' title='bbox 1085 731 1129 789; x_wconf 94' lang='lat' dir='ltr'>lo·</span> 
     </span>
     <span class='ocr_line' id='line_1_7' title="bbox 192 824 1127 909; baseline -0.001 -21"><span class='ocrx_word' id='word_1_48' title='bbox 192 830 300 909; x_wconf 83' lang='lat' dir='ltr'>quitur.</span> <span class='ocrx_word' id='word_1_49' title='bbox 324 824 411 898; x_wconf 76' lang='grc' dir='ltr'>Μύζει</span> <span class='ocrx_word' id='word_1_50' title='bbox 436 840 532 886; x_wconf 84' lang='lat' dir='ltr'>autern</span> <span class='ocrx_word' id='word_1_51' title='bbox 556 829 642 909; x_wconf 89' lang='lat' dir='ltr'>piscis</span> <span class='ocrx_word' id='word_1_52' title='bbox 665 828 782 903; x_wconf 86' lang='lat' dir='ltr'>Babrii,</span> <span class='ocrx_word' id='word_1_53' title='bbox 805 829 873 906; x_wconf 89' lang='lat' dir='ltr'>quia</span> <span class='ocrx_word' id='word_1_54' title='bbox 897 827 942 887; x_wconf 88' lang='lat' dir='ltr'>vel</span> <span class='ocrx_word' id='word_1_55' title='bbox 966 827 1127 908; x_wconf 87' lang='lat' dir='ltr'>proverbio</span> 
     </span>
     <span class='ocr_line' id='line_1_8' title="bbox 193 926 528 1008; baseline -0.015 -21"><span class='ocrx_word' id='word_1_56' title='bbox 193 927 288 1008; x_wconf 85' lang='lat' dir='ltr'>pisces</span> <span class='ocrx_word' id='word_1_57' title='bbox 301 926 439 987; x_wconf 88' lang='lat' dir='ltr'>dicuntur</span> <span class='ocrx_word' id='word_1_58' title='bbox 451 932 528 984; x_wconf 83' lang='lat' dir='ltr'>mati.</span> 
     </span>
    </p>

    <p class='ocr_par' dir='ltr' id='par_1_2' title="bbox 191 1023 1130 1497">
     <span class='ocr_line' id='line_1_9' title="bbox 236 1023 1130 1101; baseline -0.002 -17"><span class='ocrx_word' id='word_1_59' title='bbox 236 1032 342 1096; x_wconf 73' lang='lat'><strong>14-17.</strong></span> <span class='ocrx_word' id='word_1_60' title='bbox 364 1024 422 1085; x_wconf 85' lang='lat' dir='ltr'>Sed</span> <span class='ocrx_word' id='word_1_61' title='bbox 431 1044 487 1081; x_wconf 84' lang='lat' dir='ltr'>aaa</span> <span class='ocrx_word' id='word_1_62' title='bbox 497 1023 586 1097; x_wconf 82' lang='lat' dir='ltr'>fallit</span> <span class='ocrx_word' id='word_1_63' title='bbox 597 1044 705 1093; x_wconf 82' lang='lat' dir='ltr'>senem,</span> <span class='ocrx_word' id='word_1_64' title='bbox 717 1029 859 1100; x_wconf 79' lang='lat' dir='ltr'>qar&#39;jaaca</span> <span class='ocrx_word' id='word_1_65' title='bbox 874 1043 939 1082; x_wconf 82' lang='lat' dir='ltr'>eum</span> <span class='ocrx_word' id='word_1_66' title='bbox 955 1025 1130 1101; x_wconf 72' lang='lat' dir='ltr'>transfigens</span> 
     </span>
     <span class='ocr_line' id='line_1_10' title="bbox 191 1120 1127 1200; baseline 0 -19"><span class='ocrx_word' id='word_1_67' title='bbox 191 1123 355 1200; x_wconf 77' lang='lat' dir='ltr'>respondet,</span> <span class='ocrx_word' id='word_1_68' title='bbox 372 1124 486 1180; x_wconf 81' lang='lat' dir='ltr'>stulmm</span> <span class='ocrx_word' id='word_1_69' title='bbox 502 1141 563 1178; x_wconf 86' lang='lat' dir='ltr'>esse</span> <span class='ocrx_word' id='word_1_70' title='bbox 575 1123 627 1198; x_wconf 83' lang='lat' dir='ltr'>qai</span> <span class='ocrx_word' id='word_1_71' title='bbox 634 1141 726 1198; x_wconf 83' lang='lat' dir='ltr'>parra</span> <span class='ocrx_word' id='word_1_72' title='bbox 739 1134 838 1179; x_wconf 79' lang='lat' dir='ltr'>tenern</span> <span class='ocrx_word' id='word_1_73' title='bbox 848 1141 884 1178; x_wconf 87' lang='lat' dir='ltr'>ea</span> <span class='ocrx_word' id='word_1_74' title='bbox 897 1120 1054 1195; x_wconf 81' lang='lat' dir='ltr'>abjiciatet</span> <span class='ocrx_word' id='word_1_75' title='bbox 1069 1140 1127 1181; x_wconf 83' lang='lat' dir='ltr'>ve-</span> 
     </span>
     <span class='ocr_line' id='line_1_11' title="bbox 192 1210 1128 1301; baseline 0 -20"><span class='ocrx_word' id='word_1_76' title='bbox 192 1235 275 1285; x_wconf 81' lang='lat' dir='ltr'>netur</span> <span class='ocrx_word' id='word_1_77' title='bbox 299 1227 413 1281; x_wconf 76' lang='lat' dir='ltr'>incerta.</span> <span class='ocrx_word' id='word_1_78' title='bbox 443 1215 563 1301; x_wconf 76' lang='grc' dir='ltr'>Ἔμελλε</span> <span class='ocrx_word' id='word_1_79' title='bbox 587 1217 745 1293; x_wconf 75' lang='lat' dir='ltr'>donaticas,</span> <span class='ocrx_word' id='word_1_80' title='bbox 768 1221 922 1280; x_wconf 83' lang='lat' dir='ltr'>Blanditiis</span> <span class='ocrx_word' id='word_1_81' title='bbox 949 1210 1128 1299; x_wconf 83' lang='lat' dir='ltr'>decepturus</span> 
     </span>
     <span class='ocr_line' id='line_1_12' title="bbox 194 1313 1127 1402; baseline -0.004 -20"><span class='ocrx_word' id='word_1_82' title='bbox 194 1334 264 1383; x_wconf 78' lang='lat' dir='ltr'>erat.</span> <span class='ocrx_word' id='word_1_83' title='bbox 278 1317 323 1379; x_wconf 80' lang='lat' dir='ltr'>rt</span> <span class='ocrx_word' id='word_1_84' title='bbox 336 1314 434 1402; x_wconf 68' lang='grc' dir='ltr'>μικρὰ,</span> <span class='ocrx_word' id='word_1_85' title='bbox 443 1315 513 1389; x_wconf 75' lang='grc' dir='ltr'>πλὴν</span> <span class='ocrx_word' id='word_1_86' title='bbox 525 1313 619 1396; x_wconf 67' lang='lat' dir='ltr'>pidem</span> <span class='ocrx_word' id='word_1_87' title='bbox 629 1338 664 1375; x_wconf 84' lang='lat' dir='ltr'>ex</span> <span class='ocrx_word' id='word_1_88' title='bbox 677 1318 839 1379; x_wconf 86' lang='lat' dir='ltr'>recentiore</span> <span class='ocrx_word' id='word_1_89' title='bbox 853 1318 1002 1397; x_wconf 79' lang='lat' dir='ltr'>graeoismo</span> <span class='ocrx_word' id='word_1_90' title='bbox 1015 1332 1059 1378; x_wconf 88' lang='lat' dir='ltr'>est</span> <span class='ocrx_word' id='word_1_91' title='bbox 1070 1340 1127 1398; x_wconf 83' lang='lat' dir='ltr'>pro</span> 
     </span>
     <span class='ocr_line' id='line_1_13' title="bbox 194 1411 1031 1497; baseline -0.002 -19"><span class='ocrx_word' id='word_1_92' title='bbox 194 1438 229 1478; x_wconf 89' lang='lat' dir='ltr'>eo</span> <span class='ocrx_word' id='word_1_93' title='bbox 245 1415 325 1496; x_wconf 86' lang='lat' dir='ltr'>quod</span> <span class='ocrx_word' id='word_1_94' title='bbox 339 1427 452 1474; x_wconf 85' lang='lat' dir='ltr'>veteres</span> <span class='ocrx_word' id='word_1_95' title='bbox 466 1414 567 1474; x_wconf 90' lang='lat' dir='ltr'>dicunt</span> <span class='ocrx_word' id='word_1_96' title='bbox 583 1412 617 1473; x_wconf 77' lang='lat' dir='ltr'>cd</span> <span class='ocrx_word' id='word_1_97' title='bbox 631 1411 729 1497; x_wconf 72' lang='grc' dir='ltr'>μικρὰ,</span> <span class='ocrx_word' id='word_1_98' title='bbox 743 1415 811 1475; x_wconf 75' lang='grc' dir='ltr'>ἀλλὰ</span> <span class='ocrx_word' id='word_1_99' title='bbox 827 1412 922 1496; x_wconf 62' lang='lat' dir='ltr'>pitiana</span> <span class='ocrx_word' id='word_1_100' title='bbox 936 1413 1031 1497; x_wconf 79' lang='grc' dir='ltr'>(ὄντα).</span> 
     </span>
    </p>
   </div>
   <div class='ocr_carea' id='block_1_2' title="bbox 524 1624 792 1693">
    <p class='ocr_par' dir='ltr' id='par_1_3' title="bbox 524 1624 792 1693">
     <span class='ocr_line' id='line_1_14' title="bbox 524 1624 792 1693; baseline -0.004 -1"><span class='ocrx_word' id='word_1_101' title='bbox 524 1624 693 1692; x_wconf 76' lang='lat' dir='ltr'><strong>FABULA</strong></span> <span class='ocrx_word' id='word_1_102' title='bbox 719 1625 792 1693; x_wconf 89' lang='lat' dir='ltr'>Vll.</span> 
     </span>
    </p>
   </div>
   <div class='ocr_carea' id='block_1_3' title="bbox 188 1813 1132 3649">
    <p class='ocr_par' dir='ltr' id='par_1_4' title="bbox 232 1813 1094 1894">
     <span class='ocr_line' id='line_1_15' title="bbox 232 1813 1094 1894; baseline -0.002 -23"><span class='ocrx_word' id='word_1_103' title='bbox 232 1834 328 1884; x_wconf 75' lang='lat' dir='ltr'>eonas</span> <span class='ocrx_word' id='word_1_104' title='bbox 348 1833 388 1872; x_wconf 76' lang='lat' dir='ltr'>aa</span> <span class='ocrx_word' id='word_1_105' title='bbox 408 1833 518 1875; x_wconf 74' lang='lat' dir='ltr'>smnus.</span> <span class='ocrx_word' id='word_1_106' title='bbox 539 1814 623 1874; x_wconf 82' lang='lat' dir='ltr'>Conl.</span> <span class='ocrx_word' id='word_1_107' title='bbox 642 1814 738 1893; x_wconf 76' lang='lat' dir='ltr'>AEsop.</span> <span class='ocrx_word' id='word_1_108' title='bbox 754 1813 821 1874; x_wconf 82' lang='lat' dir='ltr'>rab.</span> <span class='ocrx_word' id='word_1_109' title='bbox 838 1813 903 1889; x_wconf 77' lang='lat'>125,</span> <span class='ocrx_word' id='word_1_110' title='bbox 917 1835 947 1894; x_wconf 87' lang='lat' dir='ltr'>p.</span> <span class='ocrx_word' id='word_1_111' title='bbox 959 1815 1009 1893; x_wconf 83' lang='grc'>68,</span> <span class='ocrx_word' id='word_1_112' title='bbox 1027 1814 1094 1885; x_wconf 74' lang='lat'>327.</span> 
     </span>
    </p>

    <p class='ocr_par' dir='ltr' id='par_1_5' title="bbox 188 1912 1130 2581">
     <span class='ocr_line' id='line_1_16' title="bbox 232 1912 1126 1990; baseline -0.003 -19"><span class='ocrx_word' id='word_1_113' title='bbox 232 1912 266 1971; x_wconf 88' lang='lat' dir='ltr'>V.</span> <span class='ocrx_word' id='word_1_114' title='bbox 287 1932 357 1985; x_wconf 86' lang='lat'><strong>1·7·.</strong></span> <span class='ocrx_word' id='word_1_115' title='bbox 377 1916 414 1969; x_wconf 84' lang='lat' dir='ltr'>In</span> <span class='ocrx_word' id='word_1_116' title='bbox 428 1914 528 1970; x_wconf 83' lang='lat' dir='ltr'>itt‘nere</span> <span class='ocrx_word' id='word_1_117' title='bbox 541 1912 656 1990; x_wconf 82' lang='lat' dir='ltr'>quidam</span> <span class='ocrx_word' id='word_1_118' title='bbox 672 1931 775 1990; x_wconf 83' lang='lat' dir='ltr'>equam</span> <span class='ocrx_word' id='word_1_119' title='bbox 792 1932 932 1984; x_wconf 80' lang='lat' dir='ltr'>vacuum,</span> <span class='ocrx_word' id='word_1_120' title='bbox 946 1917 1060 1971; x_wconf 75' lang='lat' dir='ltr'>asinum</span> <span class='ocrx_word' id='word_1_121' title='bbox 1071 1930 1126 1969; x_wconf 71' lang='lat' dir='ltr'>au·-</span> 
     </span>
     <span class='ocr_line' id='line_1_17' title="bbox 192 2009 1127 2088; baseline 0 -23"><span class='ocrx_word' id='word_1_122' title='bbox 192 2021 246 2065; x_wconf 89' lang='lat' dir='ltr'>tem</span> <span class='ocrx_word' id='word_1_123' title='bbox 257 2029 353 2069; x_wconf 81' lang='lat' dir='ltr'>terrem</span> <span class='ocrx_word' id='word_1_124' title='bbox 364 2012 487 2068; x_wconf 76' lang='lat' dir='ltr'>sarcina</span> <span class='ocrx_word' id='word_1_125' title='bbox 499 2021 626 2069; x_wconf 82' lang='lat' dir='ltr'>onustam</span> <span class='ocrx_word' id='word_1_126' title='bbox 646 2009 777 2069; x_wconf 84' lang='lat' dir='ltr'>ducebat.</span> <span class='ocrx_word' id='word_1_127' title='bbox 793 2015 935 2088; x_wconf 82' lang='lat' dir='ltr'>Implorat</span> <span class='ocrx_word' id='word_1_128' title='bbox 944 2027 1048 2087; x_wconf 84' lang='lat' dir='ltr'>eqtturn</span> <span class='ocrx_word' id='word_1_129' title='bbox 1063 2009 1127 2069; x_wconf 79' lang='lat' dir='ltr'>asi-</span> 
     </span>
     <span class='ocr_line' id='line_1_18' title="bbox 192 2108 1128 2185; baseline 0.004 -20"><span class='ocrx_word' id='word_1_130' title='bbox 192 2125 260 2177; x_wconf 80' lang='lat' dir='ltr'>attt,</span> <span class='ocrx_word' id='word_1_131' title='bbox 278 2120 313 2165; x_wconf 84' lang='lat' dir='ltr'>at</span> <span class='ocrx_word' id='word_1_132' title='bbox 322 2109 469 2184; x_wconf 74' lang='lat' dir='ltr'>particeps</span> <span class='ocrx_word' id='word_1_133' title='bbox 485 2110 579 2166; x_wconf 81' lang='lat' dir='ltr'>oneris</span> <span class='ocrx_word' id='word_1_134' title='bbox 582 2108 665 2185; x_wconf 81' lang='lat' dir='ltr'>fiat:</span> <span class='ocrx_word' id='word_1_135' title='bbox 677 2114 788 2185; x_wconf 77' lang='lat' dir='ltr'>alioqui</span> <span class='ocrx_word' id='word_1_136' title='bbox 799 2115 1015 2169; x_wconf 78' lang='lat' dir='ltr'>samaritarum.</span> <span class='ocrx_word' id='word_1_137' title='bbox 1030 2111 1128 2185; x_wconf 75' lang='lat' dir='ltr'>Equus</span> 
     </span>
     <span class='ocr_line' id='line_1_19' title="bbox 188 2201 1130 2285; baseline 0.002 -24"><span class='ocrx_word' id='word_1_138' title='bbox 188 2222 291 2278; x_wconf 82' lang='lat' dir='ltr'>preces</span> <span class='ocrx_word' id='word_1_139' title='bbox 300 2206 418 2281; x_wconf 78' lang='lat' dir='ltr'>spernit.</span> <span class='ocrx_word' id='word_1_140' title='bbox 433 2201 597 2285; x_wconf 62' lang='grc' dir='ltr'>Παρίὶοιειν,</span> <span class='ocrx_word' id='word_1_141' title='bbox 610 2205 724 2263; x_wconf 88' lang='lat' dir='ltr'>Ducere</span> <span class='ocrx_word' id='word_1_142' title='bbox 735 2205 825 2263; x_wconf 86' lang='lat' dir='ltr'>veluti</span> <span class='ocrx_word' id='word_1_143' title='bbox 840 2205 983 2263; x_wconf 85' lang='lat' dir='ltr'>comitem.</span> <span class='ocrx_word' id='word_1_144' title='bbox 994 2205 1035 2265; x_wconf 67' lang='lat'>03</span> <span class='ocrx_word' id='word_1_145' title='bbox 1047 2202 1130 2285; x_wconf 76' lang='lat' dir='ltr'>apod-</span> 
     </span>
     <span class='ocr_line' id='line_1_20' title="bbox 193 2292 1126 2383; baseline 0.004 -24"><span class='ocrx_word' id='word_1_146' title='bbox 193 2298 259 2376; x_wconf 61' lang='lat' dir='ltr'>itm</span> <span class='ocrx_word' id='word_1_147' title='bbox 280 2305 382 2364; x_wconf 90' lang='lat' dir='ltr'>Nonne</span> <span class='ocrx_word' id='word_1_148' title='bbox 400 2292 560 2382; x_wconf 77' lang='lat' dir='ltr'>procedes?</span> <span class='ocrx_word' id='word_1_149' title='bbox 577 2302 706 2362; x_wconf 85' lang='lat' dir='ltr'>Verbum</span> <span class='ocrx_word' id='word_1_150' title='bbox 730 2300 802 2383; x_wconf 71' lang='grc' dir='ltr'>ἄγειν</span> <span class='ocrx_word' id='word_1_151' title='bbox 827 2302 946 2381; x_wconf 84' lang='lat' dir='ltr'>ejusque</span> <span class='ocrx_word' id='word_1_152' title='bbox 963 2301 1126 2381; x_wconf 82' lang='lat' dir='ltr'>composita</span> 
     </span>
     <span class='ocr_line' id='line_1_21' title="bbox 194 2400 1129 2480; baseline -0.001 -18"><span class='ocrx_word' id='word_1_153' title='bbox 194 2401 278 2463; x_wconf 84' lang='lat' dir='ltr'>etiarn</span> <span class='ocrx_word' id='word_1_154' title='bbox 297 2414 329 2460; x_wconf 89' lang='lat' dir='ltr'>ut</span> <span class='ocrx_word' id='word_1_155' title='bbox 338 2402 518 2461; x_wconf 82' lang='lat' dir='ltr'>intransitiva</span> <span class='ocrx_word' id='word_1_156' title='bbox 534 2413 692 2480; x_wconf 88' lang='lat' dir='ltr'>ponuntur,</span> <span class='ocrx_word' id='word_1_157' title='bbox 710 2421 764 2479; x_wconf 87' lang='lat' dir='ltr'>pro</span> <span class='ocrx_word' id='word_1_158' title='bbox 775 2421 811 2460; x_wconf 85' lang='lat' dir='ltr'>eo</span> <span class='ocrx_word' id='word_1_159' title='bbox 829 2401 909 2479; x_wconf 91' lang='lat' dir='ltr'>quod</span> <span class='ocrx_word' id='word_1_160' title='bbox 925 2401 1043 2461; x_wconf 87' lang='lat' dir='ltr'>Plautus</span> <span class='ocrx_word' id='word_1_161' title='bbox 1054 2400 1129 2461; x_wconf 85' lang='lat' dir='ltr'>dicit</span> 
     </span>
     <span class='ocr_line' id='line_1_22' title="bbox 195 2496 1051 2581; baseline 0 -25"><span class='ocrx_word' id='word_1_162' title='bbox 195 2501 286 2576; x_wconf 77' lang='lat' dir='ltr'>Agere</span> <span class='ocrx_word' id='word_1_163' title='bbox 303 2517 351 2572; x_wconf 83' lang='lat' dir='ltr'>se,</span> <span class='ocrx_word' id='word_1_164' title='bbox 369 2501 387 2556; x_wconf 93' lang='lat' dir='ltr'>i.</span> <span class='ocrx_word' id='word_1_165' title='bbox 401 2520 426 2558; x_wconf 90' lang='lat' dir='ltr'>e.</span> <span class='ocrx_word' id='word_1_166' title='bbox 441 2501 496 2559; x_wconf 88' lang='lat' dir='ltr'>lre.</span> <span class='ocrx_word' id='word_1_167' title='bbox 515 2497 589 2571; x_wconf 63' lang='lat' dir='ltr'>Mas</span> <span class='ocrx_word' id='word_1_168' title='bbox 603 2496 762 2581; x_wconf 75' lang='grc' dir='ltr'>ἐνοχλήσῃς,</span> <span class='ocrx_word' id='word_1_169' title='bbox 779 2501 841 2561; x_wconf 92' lang='lat' dir='ltr'>Neu</span> <span class='ocrx_word' id='word_1_170' title='bbox 856 2501 894 2559; x_wconf 90' lang='lat' dir='ltr'>sis</span> <span class='ocrx_word' id='word_1_171' title='bbox 906 2498 1051 2557; x_wconf 84' lang='lat' dir='ltr'>molestus.</span> 
     </span>
    </p>

    <p class='ocr_par' dir='ltr' id='par_1_6' title="bbox 190 2595 1132 3649">
     <span class='ocr_line' id='line_1_23' title="bbox 235 2595 1129 2659; baseline 0.001 -7"><span class='ocrx_word' id='word_1_172' title='bbox 235 2595 324 2653; x_wconf 91' lang='grc' dir='ltr'><strong>8-ι6.</strong></span> <span class='ocrx_word' id='word_1_173' title='bbox 346 2595 596 2654; x_wconf 65' lang='lat' dir='ltr'>Onerdsaccambit</span> <span class='ocrx_word' id='word_1_174' title='bbox 609 2604 715 2655; x_wconf 76' lang='lat' dir='ltr'>ariacas.</span> <span class='ocrx_word' id='word_1_175' title='bbox 735 2600 811 2656; x_wconf 82' lang='lat' dir='ltr'>Hinc</span> <span class='ocrx_word' id='word_1_176' title='bbox 825 2602 954 2656; x_wconf 77' lang='lat' dir='ltr'>dommus</span> <span class='ocrx_word' id='word_1_177' title='bbox 967 2617 1024 2654; x_wconf 88' lang='lat' dir='ltr'>non</span> <span class='ocrx_word' id='word_1_178' title='bbox 1037 2602 1129 2659; x_wconf 79' lang='lat' dir='ltr'>sarci-</span> 
     </span>
     <span class='ocr_line' id='line_1_24' title="bbox 194 2695 1128 2771; baseline -0.003 -19"><span class='ocrx_word' id='word_1_179' title='bbox 194 2714 248 2752; x_wconf 83' lang='lat' dir='ltr'>nas</span> <span class='ocrx_word' id='word_1_180' title='bbox 260 2697 381 2751; x_wconf 85' lang='lat' dir='ltr'>modoet</span> <span class='ocrx_word' id='word_1_181' title='bbox 395 2697 514 2752; x_wconf 85' lang='lat' dir='ltr'>clitellas</span> <span class='ocrx_word' id='word_1_182' title='bbox 530 2701 676 2770; x_wconf 81' lang='lat' dir='ltr'>inaquam</span> <span class='ocrx_word' id='word_1_183' title='bbox 691 2695 842 2767; x_wconf 65' lang='lat' dir='ltr'>transfirt,</span> <span class='ocrx_word' id='word_1_184' title='bbox 865 2699 917 2753; x_wconf 84' lang='lat' dir='ltr'>sed</span> <span class='ocrx_word' id='word_1_185' title='bbox 929 2698 1034 2771; x_wconf 85' lang='lat' dir='ltr'>pellem</span> <span class='ocrx_word' id='word_1_186' title='bbox 1049 2698 1128 2749; x_wconf 77' lang='lat' dir='ltr'>asino</span> 
     </span>
     <span class='ocr_line' id='line_1_25' title="bbox 193 2790 1128 2870; baseline -0.001 -22"><span class='ocrx_word' id='word_1_187' title='bbox 193 2793 350 2851; x_wconf 87' lang='lat' dir='ltr'>detractam</span> <span class='ocrx_word' id='word_1_188' title='bbox 362 2795 535 2870; x_wconf 82' lang='lat' dir='ltr'>superaddit.</span> <span class='ocrx_word' id='word_1_189' title='bbox 545 2794 613 2849; x_wconf 83' lang='lat' dir='ltr'>Iam</span> <span class='ocrx_word' id='word_1_190' title='bbox 624 2793 797 2869; x_wconf 82' lang='lat' dir='ltr'>poenitentia</span> <span class='ocrx_word' id='word_1_191' title='bbox 810 2793 891 2867; x_wconf 75' lang='lat' dir='ltr'>capit</span> <span class='ocrx_word' id='word_1_192' title='bbox 900 2811 1001 2867; x_wconf 83' lang='lat' dir='ltr'>equum</span> <span class='ocrx_word' id='word_1_193' title='bbox 1015 2790 1128 2847; x_wconf 78' lang='lat' dir='ltr'>duritiae</span> 
     </span>
     <span class='ocr_line' id='line_1_26' title="bbox 194 2879 1126 2973; baseline 0 -28"><span class='ocrx_word' id='word_1_194' title='bbox 194 2909 263 2947; x_wconf 73' lang='lat' dir='ltr'>saa.</span> <span class='ocrx_word' id='word_1_195' title='bbox 285 2879 385 2973; x_wconf 76' lang='grc' dir='ltr'><strong>Εἶρπεν</strong></span> <span class='ocrx_word' id='word_1_196' title='bbox 405 2891 529 2962; x_wconf 81' lang='grc' dir='ltr'>σιωπῶν,</span> <span class='ocrx_word' id='word_1_197' title='bbox 550 2891 654 2948; x_wconf 87' lang='lat' dir='ltr'>asinus.</span> <span class='ocrx_word' id='word_1_198' title='bbox 670 2889 704 2947; x_wconf 91' lang='lat' dir='ltr'>ln</span> <span class='ocrx_word' id='word_1_199' title='bbox 721 2888 777 2946; x_wconf 90' lang='lat' dir='ltr'>hoc</span> <span class='ocrx_word' id='word_1_200' title='bbox 800 2889 865 2947; x_wconf 90' lang='lat' dir='ltr'>loco</span> <span class='ocrx_word' id='word_1_201' title='bbox 879 2886 1052 2948; x_wconf 81' lang='lat' dir='ltr'>narrationis</span> <span class='ocrx_word' id='word_1_202' title='bbox 1066 2905 1126 2945; x_wconf 92' lang='lat' dir='ltr'>non</span> 
     </span>
     <span class='ocr_line' id='line_1_27' title="bbox 195 2982 1127 3064; baseline 0 -22"><span class='ocrx_word' id='word_1_203' title='bbox 195 2985 257 3045; x_wconf 82' lang='lat' dir='ltr'>stne</span> <span class='ocrx_word' id='word_1_204' title='bbox 272 2985 413 3064; x_wconf 85' lang='lat' dir='ltr'>elegantia</span> <span class='ocrx_word' id='word_1_205' title='bbox 430 2986 567 3045; x_wconf 88' lang='lat' dir='ltr'>omissum</span> <span class='ocrx_word' id='word_1_206' title='bbox 581 3004 643 3044; x_wconf 87' lang='lat' dir='ltr'>esse</span> <span class='ocrx_word' id='word_1_207' title='bbox 657 2984 762 3043; x_wconf 88' lang='lat' dir='ltr'>senties</span> <span class='ocrx_word' id='word_1_208' title='bbox 777 2982 940 3062; x_wconf 87' lang='lat' dir='ltr'>subjectum</span> <span class='ocrx_word' id='word_1_209' title='bbox 954 2996 984 3043; x_wconf 90' lang='lat' dir='ltr'>et</span> <span class='ocrx_word' id='word_1_210' title='bbox 998 2982 1127 3063; x_wconf 87' lang='lat' dir='ltr'>particu-</span> 
     </span>
     <span class='ocr_line' id='line_1_28' title="bbox 196 3079 1128 3163; baseline 0.001 -23"><span class='ocrx_word' id='word_1_211' title='bbox 196 3082 254 3143; x_wconf 84' lang='lat' dir='ltr'>lam</span> <span class='ocrx_word' id='word_1_212' title='bbox 266 3084 460 3162; x_wconf 80' lang='lat' dir='ltr'>copulantem.</span> <span class='ocrx_word' id='word_1_213' title='bbox 475 3081 564 3163; x_wconf 80' lang='grc' dir='ltr'>Γόμος</span> <span class='ocrx_word' id='word_1_214' title='bbox 580 3095 624 3141; x_wconf 87' lang='lat' dir='ltr'>est</span> <span class='ocrx_word' id='word_1_215' title='bbox 638 3081 774 3158; x_wconf 78' lang='lat' dir='ltr'>saccina,</span> <span class='ocrx_word' id='word_1_216' title='bbox 789 3080 877 3161; x_wconf 78' lang='grc' dir='ltr'>σάγη,</span> <span class='ocrx_word' id='word_1_217' title='bbox 892 3081 1011 3142; x_wconf 82' lang='lat' dir='ltr'>Clitellas</span> <span class='ocrx_word' id='word_1_218' title='bbox 1022 3079 1128 3161; x_wconf 88' lang='lat' dir='ltr'>quibos</span> 
     </span>
     <span class='ocr_line' id='line_1_29' title="bbox 196 3178 1127 3260; baseline 0.001 -19"><span class='ocrx_word' id='word_1_219' title='bbox 196 3183 316 3243; x_wconf 75' lang='lat' dir='ltr'>sarcinae</span> <span class='ocrx_word' id='word_1_220' title='bbox 336 3183 537 3260; x_wconf 89' lang='lat' dir='ltr'>imponuntur,</span> <span class='ocrx_word' id='word_1_221' title='bbox 555 3192 588 3240; x_wconf 86' lang='lat' dir='ltr'>at</span> <span class='ocrx_word' id='word_1_222' title='bbox 604 3179 693 3238; x_wconf 90' lang='lat' dir='ltr'>dorso</span> <span class='ocrx_word' id='word_1_223' title='bbox 710 3178 847 3239; x_wconf 77' lang='lat' dir='ltr'>haereant.</span> <span class='ocrx_word' id='word_1_224' title='bbox 868 3178 988 3255; x_wconf 72' lang='grc' dir='ltr'><strong>Ὀνιίην,</strong></span> <span class='ocrx_word' id='word_1_225' title='bbox 1005 3179 1127 3242; x_wconf 83' lang='lat' dir='ltr'>subaudi</span> 
     </span>
     <span class='ocr_line' id='line_1_30' title="bbox 197 3278 1126 3363; baseline 0.003 -25"><span class='ocrx_word' id='word_1_226' title='bbox 197 3278 290 3363; x_wconf 78' lang='grc' dir='ltr'>δορήν,</span> <span class='ocrx_word' id='word_1_227' title='bbox 304 3280 453 3343; x_wconf 73' lang='lat' dir='ltr'>asininam</span> <span class='ocrx_word' id='word_1_228' title='bbox 468 3279 604 3357; x_wconf 87' lang='lat' dir='ltr'>(pellem).</span> <span class='ocrx_word' id='word_1_229' title='bbox 617 3279 693 3337; x_wconf 88' lang='lat' dir='ltr'>Nota</span> <span class='ocrx_word' id='word_1_230' title='bbox 708 3290 776 3335; x_wconf 90' lang='lat' dir='ltr'>sunt</span> <span class='ocrx_word' id='word_1_231' title='bbox 788 3279 881 3352; x_wconf 78' lang='grc' dir='ltr'>λεοντῆ</span> <span class='ocrx_word' id='word_1_232' title='bbox 888 3320 900 3349; x_wconf 79' lang='lat'>,</span> <span class='ocrx_word' id='word_1_233' title='bbox 916 3279 1058 3352; x_wconf 77' lang='grc' dir='ltr'><strong>ἄλωπεκῆ,</strong></span> <span class='ocrx_word' id='word_1_234' title='bbox 1070 3291 1126 3341; x_wconf 84' lang='lat' dir='ltr'>etc.</span> 
     </span>
     <span class='ocr_line' id='line_1_31' title="bbox 198 3372 1129 3458; baseline 0 -22"><span class='ocrx_word' id='word_1_235' title='bbox 198 3397 262 3457; x_wconf 86' lang='lat' dir='ltr'>quae</span> <span class='ocrx_word' id='word_1_236' title='bbox 281 3378 381 3438; x_wconf 88' lang='lat' dir='ltr'>itidem</span> <span class='ocrx_word' id='word_1_237' title='bbox 402 3377 541 3437; x_wconf 87' lang='lat' dir='ltr'>dicantur</span> <span class='ocrx_word' id='word_1_238' title='bbox 561 3395 620 3434; x_wconf 91' lang='lat' dir='ltr'>non</span> <span class='ocrx_word' id='word_1_239' title='bbox 639 3373 740 3433; x_wconf 87' lang='lat' dir='ltr'>addito</span> <span class='ocrx_word' id='word_1_240' title='bbox 756 3372 936 3435; x_wconf 86' lang='lat' dir='ltr'>substantivo</span> <span class='ocrx_word' id='word_1_241' title='bbox 953 3374 1026 3458; x_wconf 75' lang='lat' dir='ltr'>lapsi.</span> <span class='ocrx_word' id='word_1_242' title='bbox 1047 3374 1129 3453; x_wconf 71' lang='lat' dir='ltr'>Olpai</span> 
     </span>
     <span class='ocr_line' id='line_1_32' title="bbox 197 3471 1128 3555; baseline 0.001 -22"><span class='ocrx_word' id='word_1_243' title='bbox 197 3477 244 3551; x_wconf 69' lang='grc' dir='ltr'>τῆς</span> <span class='ocrx_word' id='word_1_244' title='bbox 264 3477 349 3547; x_wconf 80' lang='grc' dir='ltr'>κακῆς</span> <span class='ocrx_word' id='word_1_245' title='bbox 368 3471 490 3555; x_wconf 65' lang='lat' dir='ltr'>prinas!</span> <span class='ocrx_word' id='word_1_246' title='bbox 505 3475 554 3532; x_wconf 86' lang='lat' dir='ltr'>Vae</span> <span class='ocrx_word' id='word_1_247' title='bbox 578 3471 687 3552; x_wconf 76' lang='lat' dir='ltr'>matam]</span> <span class='ocrx_word' id='word_1_248' title='bbox 702 3485 824 3532; x_wconf 88' lang='lat' dir='ltr'>mentem</span> <span class='ocrx_word' id='word_1_249' title='bbox 847 3478 954 3537; x_wconf 79' lang='lat' dir='ltr'>meam!</span> <span class='ocrx_word' id='word_1_250' title='bbox 976 3474 1128 3534; x_wconf 76' lang='lat' dir='ltr'>(lenitivus</span> 
     </span>
     <span class='ocr_line' id='line_1_33' title="bbox 190 3571 1132 3649; baseline 0.006 -18"><span class='ocrx_word' id='word_1_251' title='bbox 190 3574 228 3649; x_wconf 13' lang='lat' dir='ltr'>*in</span> <span class='ocrx_word' id='word_1_252' title='bbox 244 3573 454 3633; x_wconf 82' lang='lat' dir='ltr'>exclamatione</span> <span class='ocrx_word' id='word_1_253' title='bbox 467 3591 532 3633; x_wconf 82' lang='lat' dir='ltr'>carn</span> <span class='ocrx_word' id='word_1_254' title='bbox 549 3571 673 3646; x_wconf 80' lang='lat' dir='ltr'>allectu3</span> <span class='ocrx_word' id='word_1_255' title='bbox 688 3592 715 3631; x_wconf 87' lang='lat' dir='ltr'>v.</span> <span class='ocrx_word' id='word_1_256' title='bbox 733 3573 870 3635; x_wconf 86' lang='lat' dir='ltr'>Barnous.</span> <span class='ocrx_word' id='word_1_257' title='bbox 888 3579 903 3648; x_wconf 74' lang='grc' dir='ltr'><strong>ς</strong></span> <span class='ocrx_word' id='word_1_258' title='bbox 918 3575 987 3648; x_wconf 78' lang='lat'>327,</span> <span class='ocrx_word' id='word_1_259' title='bbox 1006 3595 1035 3633; x_wconf 91' lang='lat' dir='ltr'>n.</span> <span class='ocrx_word' id='word_1_260' title='bbox 1050 3575 1078 3633; x_wconf 89' lang='lat'>6.</span> <span class='ocrx_word' id='word_1_261' title='bbox 1096 3574 1132 3643; x_wconf 73' lang='lat' dir='ltr'>ln¹</span> 
     </span>
    </p>
   </div>
   <div class='ocr_carea' id='block_1_4' title="bbox 0 0 1277 4318">
    <p class='ocr_par' dir='ltr' id='par_1_7' title="bbox 0 0 1277 4318">
     <span class='ocr_line' id='line_1_34' title="bbox 0 0 1277 4318; baseline 0 0"><span class='ocrx_word' id='word_1_262' title='bbox 0 0 1277 4318; x_wconf 95' lang='lat' dir='ltr'> </span> 
     </span>
    </p>
   </div>
  </div>
 </body>
</html>
