2532 4318
190 214 226 273 56
537 210 769 273 ExetlcaTto

187 327 264 405 bric)
282 324 420 387 Laconici
434 338 464 384 et
475 325 618 385 Arcadici.
633 328 705 387 Post
724 325 800 385 ἄλλοι
814 321 862 404 μέν
876 345 943 386 cum
956 325 1123 387 variatione

186 438 274 505 poeta
290 423 396 483 dixerit
407 425 432 483 oi
447 420 476 482 δέ
494 444 501 480 ε
521 422 571 481 sed
591 424 694 481 melina
713 424 775 483 baec
794 422 931 482 videntur
944 423 1123 501 praecedenti

187 525 282 583 versui
300 523 411 601 opponi
426 522 573 599 scribique
584 521 642 581 ἀλλ’
656 525 680 582 oi
695 519 742 601 pb
760 565 808 582 ...
824 524 972 603 Διάργεμος
986 524 1122 583 hocloco

187 621 292 680 Suidas
307 620 427 699 exponit
440 623 479 691 πῆ
494 616 543 699 μὲν
562 617 670 692 λευκὸς,
691 623 729 691 πῆ
742 616 771 678 δὲ
786 618 885 697 patine,
903 621 965 680 ntia
981 633 1065 699 parte
1078 622 1122 681 el·

187 717 259 792 bus,
273 719 330 778 alia
346 719 438 797 niger,
450 719 512 791 vel,
528 731 560 776 ut
570 718 706 776 formatio
719 716 856 777 vocabuli
877 719 1025 797 praecipit,
1039 719 1121 780 Albis

188 815 272 876 lineis
284 818 331 877 vel
348 816 466 875 maculis
482 814 618 892 trajectus
633 816 673 893 (iu
686 816 783 874 colore
797 814 956 894 opaciore).
975 817 1033 876 Pro
1045 817 1121 895 λαμ-

186 912 262 995 npol,
277 915 356 992 quod
378 914 571 972 offensionem
585 911 671 971 babet
686 912 725 971 ob
740 932 864 990 sequeus
884 910 960 970 ἄλλοι
976 909 1004 971 δὲ
1015 913 1121 988 λευκοί,

188 1014 319 1090 prosaica
342 1009 441 1069 sabula
458 1009 547 1068 habet
568 1007 683 1091 πυῤῥοί,
704 1010 807 1088 «qnod
829 1010 1131 1087 interpretamentum·

189 1107 304 1167 videtur
321 1127 383 1167 esse
403 1107 482 1166 vocis
496 1105 622 1187 λαμπροί.
646 1108 718 1167 Nam
733 1107 865 1185 quamvis
880 1108 986 1185 saepius
998 1108 1123 1191 λαμπρός

187 1206 265 1266 idem
280 1207 318 1264 sit
332 1207 370 1286 τῷ
381 1203 491 1273 λευκός,
505 1217 602 1282 potest
620 1216 649 1262 et
666 1203 702 1261 de
714 1201 803 1285 ξανθῷ·
815 1216 845 1261 et
859 1205 952 1286 πυῤῥῷ
968 1205 1123 1284 intelligi..

190 1306 319 1360 Boisson.
332 1298 498 1382 Ἇσύμφωνοι
515 1301 636 1379 proprie
655 1313 723 1358 snm
745 1301 913 1370 Discordes‚
936 1303 985 1379 qui
1002 1303 1079 1362 inter
1091 1323 1123 1363 ae

189 1400 384 1462 dissentiunt:
399 1400 450 1459 sed
464 1421 553 1478 quum
567 1401 640 1473 haec,
652 1400 691 1458 ob
705 1399 875 1479 particulam
890 1390 944 1475 οὖν,
957 1421 974 1460 a
987 1405 1125 1480 superio-

189 1499 269 1559 ribus
298 1498 445 1578 pendeant
474 1510 623 1557 externam
646 1497 734 1556 modo
760 1498 882 1556 sormam
906 1497 1122 1575 spectantibus,

189 1597 326 1657 hocloco
349 1595 523 1675 generaliori
541 1596 750 1674 significatione
773 1595 885 1654 dictum
908 1595 1037 1668 ridetur,
1054 1597 1124 1656 Dis·

189 1707 356 1774 crepantes,
371 1692 508 1751 Diversos
523 1693 600 1751 inter
615 1712 654 1751 se.
672 1693 807 1751 Ceterum
824 1692 957 1751 consulto
970 1706 998 1751 et
1012 1713 1049 1751 ex
1059 1706 1125 1754 arte

189 1806 275 1870 poeta
296 1790 428 1869 posuerit
445 1789 621 1848 vocabulum
636 1788 821 1869 ambiguum,
836 1790 914 1867 quod
932 1790 968 1849 ad
981 1793 1123 1851 moralem

187 1910 302 1950 sensnm
323 1888 429 1948 fabulae
445 1888 666 1968 percipiendum
685 1888 809 1948 deducat
826 1889 956 1951 lectores.
975 1893 1067 1950 Veren
1087 1890 1124 1948 ιδ

190 2001 258 2068 post
274 1985 397 2059 ἀλλήλοις
412 2006 488 2065 pone
501 1987 735 2066 interrogationis
748 1987 875 2065 signum.

234 2106 287 2162 19,
302 2104 349 2142 ao.
373 2084 462 2142 Clario
474 2088 600 2142 moralis.

475 2294 642 2363 Fanum
668 2292 834 2360 LXXXV.

231 2498 337 2537 ruinas
359 2498 490 2537 rueram.
513 2477 597 2537 Conl.
619 2477 713 2558 AEsop.
740 2475 810 2536 Fab.
831 2475 896 2549 158,
920 2495 948 2554 p.
974 2478 1022 2553 95,
1047 2476 1124 2551 3503

189 2579 343 2639 lloratium
356 2578 448 2655 Epist.
460 2579 488 2650 l,
500 2599 527 2650 7,
542 2577 650 2653 29-33.
665 2609 704 2620 -
721 2579 826 2651 Vulpes
840 2582 869 2632 tn
889 2581 1008 2633 caritate
1020 2578 1126 2633 radicis

183 2674 256 2751 fagi
266 2695 370 2751 peram
386 2680 513 2751 caprarii
533 2679 680 2731 invenerat
692 2676 845 2731 eduliorum
859 2679 987 2749 plenam,
1002 2675 1127 2733 Comesie

192 2773 292 2846 inflata
304 2792 489 2849 perparvum
499 2768 633 2846 foramen
648 2774 739 2828 redr're
752 2792 810 2828 non
817 2786 938 2848 poterat.
956 2775 1128 2848 Desperanti

161 2866 165 2873 ⁴
191 2876 250 2929 alia
262 2875 366 2947 ναὶρεε
376 2873 451 2928 dania
461 2873 696 2928 Irridens:Mane
708 2872 774 2927 dum
788 2873 896 2927 esurias
906 2884 936 2928 et
944 2873 1039 2929 eodem
1053 2890 1126 2928 asert-

192 2975 288 3026 tresis
312 2989 369 3044 quo
395 2988 426 3025 es
442 2974 582 3044 ingresrn.
607 2964 725 3046 Ῥωγᾶς,
744 2967 867 3040 lacera,
890 2967 1061 3050 διεῤῥωγυῖα,
1078 2967 1126 3026 in·

194 3078 321 3143 terprete
341 3066 440 3127 Suida.
457 3062 537 3144 Ἔχω
559 3084 625 3123 curn
648 3064 811 3139 infinitivo,
836 3066 966 3125 Possum.
991 3063 1125 3147 Πρότερον

193 3159 257 3244 ἄχρι
270 3164 327 3223 dici
346 3162 471 3224 debebat
483 3159 610 3244 πρότερον
623 3160 641 3234 ἢ
654 3161 728 3246 ἄχρι.
