2532 4318
331 261 562 325 rurutrruu
581 260 674 341 exn,
695 260 804 335 exui,
825 262 921 322 cuv.
1051 282 1086 361 ⁷7

162 401 212 450 της
222 377 290 439 rab.
307 379 408 452 XLW,
427 400 471 456 ¹9·
488 381 610 457 Πνεῦμα,
622 378 702 446 Vita,
715 389 747 436 ut
756 398 821 456 quae
836 397 951 458 semper
967 392 1010 438 est
1023 399 1090 437 cum

162 477 270 554 spiritu
284 476 393 535 indicio
407 496 471 535 suo.

465 681 637 754 FABULA
666 681 784 749 CXlV.

94 914 99 931 .
202 884 333 925 rrsrnno
353 887 391 924 ur
413 887 527 935 tonitr.
546 865 628 924 Conl.
647 866 743 943 AEsop.
759 864 827 925 rab.
842 866 892 938 61,
906 886 936 943 p.
949 867 1001 939 37,
1012 865 1088 940 3123
1178 866 1181 871 ’

160 964 317 1023 Phaedrum
333 954 374 1039 ll,
388 965 421 1034 63
439 964 542 1022 Aviani
572 963 638 1023 rab.
654 984 733 1021 2.—
754 966 869 1020 Testudo
892 984 1001 1040 mergos
1012 964 1090 1046 fult]-

156 1083 264 1139 easque
277 1066 378 1120 uidens
385 1066 506 1121 volueris
512 1063 582 1136 fieri
591 1067 668 1137 cupit
674 1073 704 1117 et
718 1066 825 1136 aquilae
836 1065 961 1118 volatum
977 1064 1089 1129 doctum

158 1167 318 1217 maximam
329 1161 482 1217 mercedem
498 1165 646 1235 promittit.
666 1160 716 1214 Ad
729 1158 817 1216 nubes
828 1163 906 1216 elata
923 1180 1007 1234 quum
1017 1167 1089 1217 ceci-

156 1260 243 1329 derit,
263 1263 412 1333 exspirans
426 1258 511 1314 dicit:
524 1257 592 1313 lure
602 1256 712 1331 morior,
726 1260 839 1312 volatus
848 1258 1012 1334 cuptdn'ego
1021 1278 1089 1332 quae

156 1374 197 1411 ne
210 1354 513 1429 humiquidemsacile
530 1352 693 1430 gradiebar.
709 1350 809 1424 Κήῦξιν
823 1351 981 1434 ἀγρώσταις,
997 1355 1089 1412 verti-

160 1464 212 1509 tur
228 1450 356 1526 «cerylis
378 1449 566 1508 silvestribus.
578 1477 590 1499 ν
605 1449 662 1509 Sed
675 1469 767 1527 quum
786 1451 862 1508 inter
877 1452 1003 1527 marinas
1019 1471 1088 1511 aves

157 1547 348 1606 nominentur
366 1546 424 1617 illi,
439 1559 468 1606 et
486 1547 541 1625 ipsi
557 1546 668 1618 κήῦκις,
686 1544 808 1619 καύηκες,
827 1551 905 1619 κῆκις
916 1548 991 1628 (haee
1005 1549 1084 1627 ejus·

156 1645 229 1703 dem
250 1657 293 1703 est
307 1646 431 1704 nominis
450 1644 583 1723 variatio)
596 1645 699 1703 murini
711 1645 769 1703 sint
788 1646 865 1722 apud
885 1648 1042 1705 Homerum
1059 1661 1089 1706 et

156 1742 233 1802 alios
247 1756 361 1822 poetas,
376 1742 523 1823 ἀγρώσταις
544 1743 717 1821 capiendum
738 1743 793 1801 erit
813 1742 923 1823 vulgari
939 1744 1088 1821 significa-

156 1840 241 1901 tione
249 1839 452 1900 venatoribus.
461 1839 597 1917 ΧιἋυμνα,
611 1838 802 1898 «vocabulum
816 1842 888 1899 mihi
898 1862 955 1900 non
971 1833 1087 1902 aliunde

156 1952 277 2009 notum,
293 1937 479 2011 diminutiva,
501 1949 534 1995 ut
558 1937 681 2009 videtur,
705 1937 798 1995 forma
819 1939 944 1997 nominis
965 1936 1087 2018 χελώνη,

155 2034 270 2114 χίλνς.»
283 2030 549 2106 συνανατιθέναι,
567 2032 716 2105 Reddere,
738 2045 770 2091 ut
783 2035 861 2112 apud
882 2037 1039 2093 Homerum
1055 2037 1087 2094 in

155 2131 246 2191 simili
263 2143 416 2190 structura.
443 2132 500 2201 Τῆς
516 2128 660 2210 Ἐρυθρῆς,
682 2127 806 2187 subaudi
830 2131 982 2204 θαλάσσης,
1005 2133 1087 2192 Mare

156 2225 310 2296 Rubrum,
323 2247 360 2287 ex
379 2247 438 2305 quo
447 2248 451 2255 ’
461 2227 624 2304 margarite,⁸
637 2239 667 2284 et
677 2225 803 2304 pretiosa
823 2226 880 2286 alia
893 2227 1084 2289 docebuntur.

154 2324 273 2397 ’Υπτίην
287 2325 418 2404 intelligo
439 2326 473 2384 ln
489 2325 577 2382 dorso
595 2342 647 2381 suo
666 2323 805 2400 positam,
827 2337 861 2382 ut
883 2324 1014 2384 homines
1040 2327 1086 2387 di·

155 2434 267 2481 cuntur
293 2421 403 2499 aliquid
428 2421 504 2479 lerre
534 2418 635 2479 ὕπτιον.
661 2420 821 2479 Narrantur
850 2420 968 2498 aquilae,
994 2443 1084 2501 quum

155 2520 318 2581 testudines
328 2521 453 2580 lacerare
464 2540 524 2578 non
537 2519 650 2598 possint
665 2516 705 2577 ob
716 2519 852 2577 corticem
862 2564 870 2591 ,
880 2538 927 2599 eas
942 2520 972 2577 in
987 2540 1084 2580 aerem

155 2618 250 2677 altum
265 2620 355 2677 elatas
368 2638 438 2677 saxo
450 2618 503 2699 (sio
516 2617 690 2695 capiendum
704 2613 773 2696 ὄρος)
783 2617 904 2692 illidere,
914 2637 973 2696 quo
983 2632 1085 2679 cortex

156 2715 317 2794 frangatur.
335 2715 476 2785 lusidiose
499 2716 595 2794 igitur,
609 2728 643 2773 ut
659 2726 775 2773 voraret
788 2734 870 2788 eam,
890 2716 987 2793 aquila
1003 2737 1084 2777 suam

154 2825 249 2871 ortem
262 2810 409 2871 obtulerat
423 2812 577 2887 testudini,
594 2831 680 2890 quam
693 2812 780 2870 sciret
799 2812 932 2872 idoneum
944 2833 1003 2872 non
1020 2835 1084 2875 esso

154 2909 303 2971 discendo.
325 2899 412 2977 olto<
433 2910 528 2971 ionice
543 2930 598 2988 pro
615 2907 683 2977 ὅλος.
696 2908 733 2969 Τί
743 2907 793 2991 γὰρ
808 2912 891 2992 νεφῶν
904 2932 967 2989 ραις
980 2914 1083 2992 supple

154 3005 225 3087 tto,
238 3028 305 3088 quse
320 3009 429 3087 ellipsis
445 3010 476 3067 in
495 3008 547 3067 hac
562 3006 686 3066 lormula
697 3025 756 3065 non
772 3027 835 3066 rara
849 3022 901 3067 est.
912 3010 943 3068 ln
956 3028 1083 3087 sequeu-

156 3104 236 3167 tibus
259 3105 333 3180 τ(ςὴ
357 3109 460 3187 mons
482 3104 575 3187 χραίης
593 3125 652 3165 non
673 3102 757 3163 video
777 3106 924 3183 quomodo
943 3106 1084 3185 explicari

157 3203 251 3280 possit
263 3204 421 3282 articulus,
436 3217 465 3264 et
480 3204 620 3282 scriptum
635 3203 749 3264 luisses
765 3203 872 3265 Bebrio
889 3205 978 3266 credo
994 3202 1033 3273 ele
1044 3199 1082 3281 ἦν

156 3302 261 3381 nupt»
274 3301 367 3383 tells
