2532 4318
229 241 267 320 νῇ
586 245 795 306 murano.

226 380 281 423 aur
297 358 549 443 emanante-troia
565 359 668 424 inhies.
685 362 738 425 Cet
756 363 863 426 extruit
883 383 930 425 aar
955 372 991 425 et
1014 361 1181 431 denham&

228 465 262 529 ut
276 464 395 530 fortune
417 463 492 530 dans
507 467 533 532 ia
549 464 717 533 decadeneo
736 467 790 534 dea
804 469 904 534 lettres
923 478 955 532 et
969 467 1018 534 du
1036 477 1133 556 gout,
1151 482 1182 537 et

229 572 249 637 ii
262 595 339 639 noua
356 583 401 638 eat
419 595 556 660 parveuu
569 596 638 639 sous
651 575 678 640 ie
692 597 764 639 nom
776 574 942 661 d‘ignatiua
954 584 990 640 et
1006 599 1086 642 sorra
1100 576 1183 642 oelni

228 678 268 745 da
291 679 427 746 Gabrias.
456 681 584 747 Maiore
610 680 734 747 dernier
752 692 817 747 mot
839 682 916 747 n'est
935 684 1070 768 qu’uno
1096 683 1182 749 faute

229 786 481 875 d’orthographo3
498 796 573 853 cette
586 788 667 853 faute
680 811 753 852 aura
764 790 811 854 ete
821 790 939 875 nepetae
958 812 1024 876 par
1037 790 1182 855 d’autrea
1255 781 1256 860 i

229 894 370 980 copiates,
385 903 416 959 et
429 892 501 959 o'eat
511 893 586 959 ainai
605 916 666 980 que
678 915 755 960 nous
766 904 812 961 eat
826 917 961 982 parrenu
976 918 1018 961 oo
1036 896 1183 984 pseudo·

227 1000 392 1066 Gabrias.»

274 1219 348 1281 Haeo
362 1216 436 1282 oiim
453 1218 564 1304 scripta
580 1238 661 1282 nuno
676 1217 747 1304 ipsis
758 1216 869 1281 fabulis
881 1214 1006 1282 detectis
1024 1217 1073 1280 ita
1095 1236 1179 1281 oon·
1255 1252 1256 1261 κ

227 1323 346 1389 firmata
361 1334 447 1404 suut,
465 1335 499 1388 ut
510 1324 541 1388 in
556 1346 613 1388 una
632 1334 748 1389 tantum
762 1345 811 1402 re,
826 1344 923 1407 eaque
938 1322 970 1386 in
985 1323 1178 1408 conjectura

226 1429 342 1517 posita,
357 1429 396 1495 ab
407 1427 674 1495 iiadiaoedeudum
693 1451 756 1494 esse
776 1429 928 1515 partaverit
943 1429 1000 1492 Vir
1020 1428 1177 1493 illustris·
1255 1458 1256 1515 i

225 1540 339 1617 simus,
366 1541 452 1625 eujus
475 1538 539 1602 haro
559 1546 630 1601 sunt
649 1537 740 1603 verba
761 1541 791 1602 in
808 1540 1065 1605 Promouitione
1083 1538 1129 1624 (p
1145 1559 1177 1603 ιι

225 1644 276 1710 ed.
292 1646 412 1733 primae)
429 1670 436 1709 :
455 1648 604 1708 ‹rPoetam
620 1643 668 1709 cui
685 1666 796 1710 nomen
811 1643 941 1724 Rubrio,
958 1646 1097 1710 Valerio
1112 1648 1178 1709 Ba·
1236 1642 1238 1647 ’
1255 1683 1256 1699 1

225 1752 312 1832 hrio,
331 1753 452 1817 natione
466 1762 495 1817 et
507 1751 609 1838 lingua
626 1753 753 1817 latinum
769 1775 832 1818 ease
845 1752 965 1839 opinor.
980 1755 1105 1833 Quaesi
1120 1774 1176 1818 me

226 1881 288 1924 non
303 1858 407 1924 fefellit
422 1858 538 1945 opinio,
558 1862 621 1944 jam
637 1858 880 1923 [inmanifestum
898 1879 957 1921 non
971 1858 1091 1925 vixisse
1110 1863 1176 1924 Ba·

226 1964 329 2030 brium
348 1963 453 2030 eadem
476 1985 535 2050 qua
557 1965 634 2031 Bion
655 1976 685 2029 et
705 1963 850 2032 Moschus
866 1974 969 2046 etate;
987 1985 1055 2050 qua
1078 1960 1174 2031 intuto

226 2073 364 2137 homines
384 2071 469 2136 latini
492 2092 607 2157 graeoos
623 2094 728 2137 versus
751 2093 812 2135 non
836 2070 996 2136 iaciebant.
1018 2076 1172 2140 Genaua·

226 2189 298 2245 runt
309 2179 360 2243 aiii
376 2178 524 2243 Babrium
537 2179 616 2243 circa
639 2177 768 2262 Augusti
786 2197 884 2241 aevum
901 2176 1061 2260 floruisse,
1085 2203 1171 2268 quoa

224 2286 415 2373 argumentis
428 2308 497 2351 usos
509 2284 598 2351 fuisse
609 2281 840 2373 speciosioribus
850 2303 941 2368 quom
953 2282 1171 2353 ualidioribus

227 2391 359 2458 ostendit
375 2394 531 2458 Knochius
548 2393 594 2460 vir
605 2393 702 2472 doct„
721 2412 812 2478 quem
825 2410 884 2453 uon
898 2389 1036 2454 oraoribo
1048 2397 1171 2483 [Apot-

227 2499 301 2564 lonii
316 2498 417 2562 iocum
440 2497 479 2563 de
500 2499 728 2584 interpolatione
747 2507 921 2583 suspectum
936 2495 1161 2589 judicantem}

285 2607 377 2669 Suam
390 2604 453 2691 ipse
469 2603 598 2670 Babrius
609 2604 752 2669 indicavit
766 2613 885 2668 aetatem
897 2605 1051 2673 Prooemio
1062 2609 1164 2675 altero

227 2722 293 2776 ante
309 2711 426 2775 literam
443 2732 507 2796 my,
528 2710 664 2776 libellum
681 2709 795 2775 donans
817 2731 930 2773 novum
946 2708 1007 2774 filio
1026 2724 1163 2800 βασιλέως

226 2825 407 2908 Ἀλεξάνδρου,
426 2819 521 2904 regis,
536 2819 632 2882 immo
644 2815 850 2903 imperatoria,
862 2816 1043 2903 Alexandri3
1060 2844 1161 2907 quem

226 2924 324 2989 filiurn
337 2925 410 2990 Fab.
426 2930 480 3007 75,
494 2936 524 2989 et
535 2925 688 2990 Prooemio
702 2923 804 3010 priora
820 2926 998 2992 Branchum
1014 2928 1161 2992 nomina·

225 3032 280 3096 rit.
307 3031 356 3097 Ad
381 3032 462 3097 huno
487 3032 588 3097 iocum
614 3031 737 3112 monui,
767 3030 820 3096 sed
848 3032 1033 3113 dubitanter,
1068 3056 1157 3120 posse

226 3137 432 3207 Alexandrum
447 3143 591 3205 Severum
608 3137 767 3227 intelligi&
786 3141 885 3226 Atque
905 3141 986 3227 quod
999 3152 1151 3219 narratur,

261 3409 267 3437 ¹
288 3410 443 3461 «Alexandro
458 3417 546 3463 seuero
555 3409 637 3475 potuIt
651 3423 704 3461 ease
713 3410 777 3462 uirus
789 3411 892 3473 nothus,
908 3412 950 3476 qui
962 3415 1064 3463 vocatur
1081 3412 1156 3461 tuerit
1255 3420 1256 3441 ¹

224 3490 364 3554 uranotrus;
385 3491 459 3556 idque
477 3490 716 3553 convenientissime,
732 3492 826 3542 sottioot
844 3495 916 3544 natus
934 3494 1014 3543 soram
1028 3493 1054 3542 in
1071 3489 1154 3553 syria,

225 3570 307 3620 tonan
324 3575 401 3623 matre
417 3576 492 3635 syra,
507 3574 574 3623 oerte
590 3575 651 3636 syro
667 3573 750 3635 patro,
769 3572 810 3635 qui
830 3575 886 3624 ante
902 3574 1029 3637 imperium
1048 3572 1153 3634 gesserat
1255 3598 1256 3653 3
