2532 4318
208 270 247 330 68
434 271 455 303 '‘-
492 270 506 287 '
561 273 790 336 Exumcu'rto
879 281 896 295 ''

555 499 722 567 FABULA
755 498 794 567 C.

157 732 161 741 ,
251 703 340 742 nurus
353 703 391 741 ur
407 704 524 743 venons.
537 684 620 743 (loni.
634 685 729 763 AEsop.
740 683 808 745 Fab.
824 694 936 755 luo.-
945 687 1041 760 Lupus
1050 684 1146 739 valde

211 780 337 839 robustus
350 787 424 839 inter
439 803 504 840 suos
515 785 577 839 ideo
592 782 743 840 vocabatur
758 788 807 841 leo.
824 787 919 856 Quare
934 787 1025 840 elatus
1037 800 1145 838 uersa-

214 880 300 938 batnr
311 901 373 938 oum
386 883 521 940 leonibus.
536 884 676 953 Quem‘t‘to
688 878 898 954 commonefecit
906 885 1004 957 nullres
1016 901 1025 935 .·
1038 883 1076 937 Es
1083 897 1145 936 oa-

212 980 364 1036 rtt'ssimus:
377 981 450 1035 ioter
458 982 537 1055 lupos
547 983 589 1034 leo
598 1000 657 1036 esse
667 981 783 1048 videris,
802 982 854 1036 sed
865 985 939 1036 inter
948 983 1040 1035 leones
1050 982 1144 1053 lupus.

212 1075 388 1148 Ἐπεκάλουν,
402 1076 526 1136 Nomine
538 1075 647 1149 indito,
661 1098 719 1135 non
733 1077 872 1155 proprio,
882 1075 1034 1134 vocabant.
1046 1071 1146 1151 Ἁγνώ·

214 1197 271 1253 μων
286 1193 361 1252 saepe
372 1173 408 1232 de
417 1174 452 1232 iis
468 1173 575 1232 dicitur
587 1174 638 1252 qui
650 1194 709 1232 suae
723 1173 900 1232 conditionis
913 1171 1140 1233 obliviscuntur.

214 1267 260 1342 Μὴ
275 1264 431 1351 φρενυῖθείην
448 1277 579 1344 τοσοῦτον,
593 1273 627 1336 ὡς
639 1268 672 1329 σὺ
686 1275 732 1329 νῦν
742 1269 892 1353 ἕτυφώθης,
910 1296 923 1321 s
932 1272 975 1330 Ne
989 1269 1026 1327 ad
1042 1287 1144 1328 sanam

214 1381 338 1426 mentem
356 1381 469 1426 tontum
479 1369 532 1427 sim
544 1388 672 1447 uuquam
684 1368 859 1440 reducenda,
871 1380 1011 1447 quantum
1024 1381 1055 1425 tu
1065 1386 1145 1426 nnnc

214 1485 290 1524 vano
303 1466 379 1524 fastu
393 1465 592 1524 intumescis.»
609 1464 695 1536 Quod
717 1465 879 1524 contortius
898 1477 960 1524 est:
981 1465 1146 1542 simplicio·

214 1582 275 1622 rem
289 1575 318 1622 et
335 1563 487 1622 rectiorem
505 1552 678 1621 sententiam
700 1562 812 1640 praebet
830 1562 1029 1622 commendata
1043 1561 1081 1622 ab
1101 1563 1143 1621 itt.

216 1660 405 1739 Boissonadio
423 1661 592 1737 conjectura
612 1658 660 1731 Μὴ
686 1656 884 1741 ’supermodum
901 1661 1017 1722 Utinam
1032 1681 1069 1719 ne
1090 1681 1147 1719 un·

217 1779 304 1837 quam
317 1778 372 1836 ego
384 1777 453 1816 suna
466 1771 562 1816 mente
575 1756 706 1816 excidam
724 1769 836 1816 tantum
851 1759 881 1816 in
899 1758 1017 1819 modum
1034 1779 1095 1838 quo
1113 1774 1145 1818 tu

217 1856 327 1915 insonis
337 1859 344 1914 Ξ

556 2062 725 2130 FABULA
750 2062 805 2132 Cl.

256 2264 312 2302 nno
328 2263 460 2303 nunnius
477 2264 568 2315 equis
584 2264 715 2303 oremus.
734 2244 816 2305 Conf.
830 2246 928 2323 AEsop.
941 2245 1009 2307 Fab.
1026 2246 1094 2305 363.
1106 2277 1146 2290 -

215 2346 271 2400 Leo
288 2346 519 2416 rexjustr'ssimus
532 2346 563 2400 in
582 2363 667 2420 regno
683 2364 733 2400 suo
746 2364 846 2418 oequas
864 2346 990 2402 omnibus
1005 2349 1080 2421 leges
1098 2351 1144 2403 irt-

216 2445 321 2510 stituit,
337 2452 369 2496 nt
382 2447 454 2513 jure
478 2454 594 2510 cuncta,
619 2446 652 2497 υἱ
669 2442 743 2497 uruit
753 2443 850 2516 fieret.
874 2441 920 2498 Ibi
941 2445 1036 2517 lepus,
1064 2446 1148 2500 Hanc

217 2539 307 2609 diem,
320 2539 429 2612 inquit,
443 2538 541 2595 videre
554 2543 646 2613 cupiri
666 2558 733 2612 quoe
753 2536 904 2595 imbecilles
922 2544 1007 2596 etium
1027 2538 1148 2597 arbustis

218 2635 354 2689 timendos
370 2636 478 2691 reddat.
493 2632 584 2692 Πάντα
597 2632 804 2693 adverbialiter
818 2655 872 2712 pro
882 2634 996 2702 πάντως.
1018 2634 1147 2717 Ἀγυρμός

218 2727 338 2789 aSuida
349 2730 506 2806 exponitur
520 2727 656 2802 ἐκκλησία.
681 2732 788 2808 Perge,
802 2728 892 2810 (ὥστε)
907 2732 1049 2793 δοῦναι...
1067 2732 1148 2794 Ὑπί-

218 2846 275 2904 χειν
292 2823 397 2891 εὐθύνας
410 2838 453 2883 est
469 2825 548 2903 quod
566 2825 690 2884 dicimus
704 2826 764 2884 e‘tre
776 2831 870 2905 ohtigr
881 2832 916 2887 de
927 2833 1028 2888 rendre
1040 2846 1148 2908 compte

219 2927 311 2983 deses
324 2929 443 2982 actions.
461 2920 592 3002 Αἴγαγρος
606 2936 649 2981 est
662 2919 705 2991 αἲξ
718 2922 820 3005 ἄγριος,
835 2946 921 3003 quam
932 2928 1043 2988 Plinius
1054 2929 1147 3006 Rupi-

220 3041 339 3101 capram
349 3020 487 3099 appellat.
499 3019 609 3092 Πάντα,
620 3022 724 3099 suppio
734 3018 767 3080 τὰ
781 3024 844 3104 ζῷα.
855 3021 936 3093 nro}
951 3036 996 3082 est
1014 3025 1147 3095 Pauidus,

221 3133 253 3178 ut
274 3116 381 3186 πτωκάς
400 3137 433 3175 ne
452 3116 572 3176 verbum
596 3116 748 3177 πτώσσεινε
771 3132 800 3177 et
821 3140 897 3199 saepe
914 3124 1015 3187 πτῶκες
1035 3123 1147 3201 simpli-

221 3218 293 3276 citer
307 3216 492 3295 appellantur
509 3216 634 3295 lepores.
654 3215 776 3291 Τιθέναι,
792 3216 948 3297 Reddered
955 3217 1016 3296 jam
1033 3240 1069 3280 ex
1091 3221 1146 3280 Ho-

222 3336 302 3377 mero
316 3329 431 3376 notum.
