2532 4318
200 252 238 309 oo
548 206 779 311 uxrniot'no

201 385 238 424 ex
252 365 417 443 posteriore
433 365 637 442 graecismo,ut
653 365 834 440 dictum,ubi
849 366 950 424 eadem
965 366 1089 444 phrasis,
1099 368 1133 424 in

203 462 272 522 Fab.
285 465 361 536 XLI,
379 466 405 522 3.
423 465 536 523 Dicitur
551 461 612 531 στὰς
624 462 668 523 ἐπὶ
681 462 760 544 θύρας
775 478 804 522 et
820 462 863 522 ἐπὶ
878 461 968 544 θύραις
982 464 1019 521 de
1036 463 1134 521 diver·

202 563 240 620 sis
258 562 386 639 ejusdem
400 563 522 621 actionis
536 564 705 622 momentis:
723 563 792 621 illud
809 575 869 636 est,
891 563 1132 639 Quamprimum

202 661 306 739 pedem
328 673 451 738 poneret
475 662 504 719 in
532 662 648 720 [nimine.
671 663 795 742 Θερμοῢ,
815 660 937 718 subaudi
963 658 1074 731 ὕδατος,
1099 674 1134 718 ut

203 759 291 817 latine
309 758 397 818 Calda
426 758 527 837 (calida
554 758 651 838 aquia).
680 756 823 839 Βοοδόρος,
849 758 1024 835 adjectivum
1051 758 1134 835 apud

203 857 377 928 Hesiodum
389 857 437 914 hic
447 869 500 914 ,est
516 856 750 930 substantivum,
769 858 1014 915 «Ferramentum
1032 853 1133 913 bobus

202 955 396 1013 decoriandis.
411 980 423 1006 »
451 955 543 1014 Aliter
569 955 727 1030 Hesychius
753 953 878 1030 explicat
903 951 1003 1031 μοχλὸς
1024 943 1047 1034 ᾧ
1067 950 1133 1030 βόας

203 1048 330 1132 δέρουσιν,
348 1072 412 1128 quae
426 1049 540 1108 videtur
557 1050 691 1108 machina
705 1069 836 1127 essequo
855 1047 960 1105 bovem
978 1047 1134 1105 excorian-

203 1147 272 1206 dum
298 1149 478 1226 suspendunt
506 1160 536 1206 et
562 1148 688 1205 trahunt.
715 1149 877 1231 Utrumque
901 1145 1024 1215 dicitur,
1047 1144 1133 1220 μηδὲν

201 1244 235 1316 ἢ.
248 1289 255 1303 .
268 1289 291 1319 .,
307 1259 336 1304 et
358 1243 441 1324 μηδὲν
457 1244 514 1303 ἀλλ’
531 1243 564 1318 ἢ.
577 1289 604 1305 ..
622 1243 784 1322 ξΣύμὸολον,
801 1245 921 1321 Signum
937 1262 997 1320 quo
1024 1243 1135 1301 veritas
1208 1304 1213 1313 ς

204 1344 245 1400 roi
262 1343 446 1421 cognoscitur
460 1354 511 1400 ant
523 1343 718 1400 confirmatur.

494 1547 671 1616 FABULA
701 1548 835 1616 XCVII.

245 1746 301 1783 nno
323 1750 440 1788 nnocus.
463 1732 544 1790 Conf.
559 1732 655 1807 AEsop.
673 1729 739 1789 Fau.
753 1750 820 1800 221,
836 1748 864 1806 p.
880 1731 944 1797 143,
959 1730 1025 1801 375.

246 1824 279 1881 V.
309 1845 393 1883 1-20.
414 1832 471 1884 Leo
481 1816 622 1898 sorniosoe
637 1832 745 1904 poellce
763 1847 860 1883 amore
879 1840 977 1901 captus
997 1847 1061 1883 eam
1073 1825 1133 1883 ‘sibi

205 1939 320 1978 uxorem
339 1930 441 1998 poscit.
462 1927 550 1982 Pater
571 1928 741 2002 despondet,
762 1928 789 1981 st'
803 1923 1007 1997 formidabiles
1025 1930 1136 2000 virgr'nt'

206 2037 313 2094 ungues
325 2035 353 2078 et
363 2026 460 2080 dentes
469 2023 724 2099 sibipraecr'dendos
732 2040 817 2082 curet.
829 2026 1046 2098 Qnofoetojam
1056 2030 1134 2079 ineo·

207 2122 259 2173 mis
279 2118 475 2192 obtruncatur,
502 2127 579 2179 ottilo
596 2144 645 2179 suo
665 2125 760 2179 doctius
773 2129 846 2180 inter
858 2122 985 2199 borsines
1001 2136 1031 2179 et
1041 2126 1135 2177 leones

208 2235 332 2275 amorem
345 2240 404 2278 csse
417 2241 470 2277 nort
485 2241 577 2297 posse.
597 2218 761 2290 Μνηστεύειν
777 2219 851 2301 παρά
871 2243 954 2293 τινος,
977 2219 1021 2278 Ab
1036 2218 1134 2295 aliquo

208 2312 348 2388 (mulieris
361 2318 496 2400 cognato)
515 2339 636 2376 uxorem
647 2318 704 2376 sibi
720 2336 848 2396 poscere.
860 2315 1004 2390 Ὕπουλος,
1015 2315 1135 2394 proprie

207 2416 261 2472 Cui
284 2417 383 2476 subest
408 2422 505 2489 ulcus,
521 2420 606 2491 Quod
630 2440 731 2477 sanum
757 2431 807 2476 aut
828 2419 971 2495 integrum
991 2437 1050 2472 uon
1071 2426 1135 2485 est,

209 2512 295 2582 Quod
314 2517 473 2593 suspicioni
492 2518 589 2594 aliqua
609 2518 675 2575 maii
692 2516 854 2593 premitur:
869 2516 953 2573 taleni
972 2514 1062 2589 igitur
1076 2532 1135 2569 nou

209 2612 378 2671 ostendebat
399 2627 490 2691 pater.
513 2610 640 2684 Κηδεύειν
668 2612 739 2689 τινί,
766 2614 946 2671 Affinitatem
972 2612 1046 2669 inire
1070 2630 1134 2668 cnm

209 2709 315 2784 aliquo,
338 2708 456 2769 Κλούσω
473 2709 499 2789 (a
523 2710 636 2785 κλαίω),
658 2712 745 2768 Attici
768 2708 1041 2791 (Ιίοιιοῑ-κλρύσομαι.
1065 2707 1135 2789 Πρὸς

209 2809 306 2875 ταῦτα,
319 2807 483 2865 Secundum
503 2808 564 2865 haec
581 2809 656 2885 (quae
673 2807 761 2887 dixi),
788 2811 847 2867 Hac
869 2808 1054 2880 conditione,
1077 2808 1136 2867 fere

209 2916 241 2961 nt
261 2924 350 2981 supra
368 2904 435 2965 Fab.
450 2908 540 2978 LXH,
567 2926 609 2965 ιο.
627 2907 780 2984 tangenda
802 2920 870 2965 sunt
892 2907 1024 2978 σκόπησον
1042 2909 1064 2966 εἰ
1082 2953 1089 2966 .
1104 2952 1130 2965 ..

209 3030 221 3054 ι
230 3001 388 3084 Πτερωθείς,
403 3003 536 3073 videlicet
547 3025 607 3083 spe.
620 3004 759 3083 biciphro
769 3006 810 3077 ΙΙ,
821 3026 847 3076 1,
858 3004 894 3063 de
902 3025 1017 3064 artiore:
1027 3004 1136 3074 ἐλπίσας

211 3106 385 3181 πτεροῦται.»
402 3104 565 3158 Boissonod.
578 3098 686 3173 Δείξας,
699 3103 796 3160 malint
809 3107 887 3160 τοῦτο
900 3105 1038 3180 supplere
1050 3102 1135 3180 quarn

208 3197 457 3258 taurustaurus
474 3210 517 3256 est
533 3200 657 3258 Poscere
674 3212 706 3256 ut
725 3220 786 3257 rem
809 3199 946 3258 debitam.
968 3199 1137 3258 Debebatur

210 3297 307 3373 puelia
325 3317 381 3376 pro
404 3297 497 3376 posita
521 3296 696 3354 conditione.
713 3295 823 3378 Ἀλοιᾷν,
845 3299 960 3374 poetice
979 3317 1033 3376 pro
1048 3298 1135 3379 ἀλοᾷν,

213 3397 333 3475 proprie
359 3402 396 3455 de
415 3398 560 3454 frumunto
581 3394 746 3453 triturando
772 3396 885 3452 dicitur.
912 3394 965 3453 Ἐκ
989 3391 1078 3474 χειρός
1096 3408 1137 3453 est

213 3496 364 3568 (lominus,
384 3496 408 3554 E
426 3494 603 3572 propinquo.
616 3491 667 3560 Ὡς
681 3490 791 3568 ἄμικτον
805 3489 957 3572 ἀνθρώπους
969 3494 1021 3571 (sic
1033 3492 1135 3570 scribe)

212 3596 273 3676 ἐρᾷν
289 3593 403 3654 λεόντων
420 3594 440 3681 ἢ
464 3592 573 3662 λέοντας
592 3589 747 3675 ἀνθρώπων,
770 3591 839 3650 Rem
856 3612 917 3650 esse
938 3590 1134 3650 insociabilem
