2532 4318
463 267 611 329 uiuunt
633 267 731 329 XClV.
1024 268 1061 329 63

132 390 231 447 dotem
248 390 292 444 leo
300 385 459 459 famelicus
480 390 596 461 vulpem
615 386 749 460 implorat
768 398 801 442 ut
816 390 893 442 nouis
912 386 982 441 dolis
1002 404 1061 441 rem

132 487 232 543 iterum
245 483 439 561 aggrediatur.
448 481 575 555 Difficile
589 496 645 552 eut,
661 483 755 557 iuquit
772 486 891 558 vulpaus,
911 496 1061 539 etcertum

132 589 245 661 quoerr't.
258 579 321 652 Ὡς,
336 579 429 639 scribe
443 577 493 651 ὣς,
508 581 527 638 i.
544 600 569 641 e.
587 578 678 647 uiroc„
701 583 744 639 Dc
757 585 871 659 χαυνσῦν
887 580 1011 639 diximus
1024 581 1060 638 ad

133 679 203 742 tab.
214 678 341 740 LXXVI.
353 677 548 739 «Plutarchus
562 679 632 738 Caes.
648 699 672 735 c.
688 697 737 753 29,
751 678 787 736 de
803 678 960 756 Pompeio,
974 697 1060 754 quem

134 779 212 838 lalsae
230 776 268 836 de
285 778 397 835 Caesare
414 776 594 834 narrationes
619 794 671 851 spe
695 795 768 833 vona
790 775 982 853 impleverunt
995 794 1003 833 :
1016 773 1060 833 ἐπὶ

132 873 232 942 τούτοις
246 873 390 953 Πομπήϊος
416 875 588 953 ἐχαυνοῦτο.»
604 875 731 929 Boisson.
762 871 892 945 Ποιητός,
909 872 994 949 plane
1018 872 1060 929 uti

133 969 311 1049 nossactice.
331 969 504 1052 Ἔφορμήσας
524 970 702 1028 neutraliter.
722 968 870 1042 Ἀσκύπως,
887 969 1059 1030 inconside-

133 1084 202 1131 rate.
228 1070 360 1152 Ἀκρσιῑσς,
386 1071 422 1126 ab
446 1066 514 1149 ἄκρα
540 1068 717 1139 derivatum,
744 1070 763 1126 i.
787 1088 815 1146 q.
844 1067 931 1148 ἄκρος.
948 1068 1059 1146 Σπουδῇ

107 1168 269 1253 (διωχθείς,
294 1195 307 1219 ι
323 1167 515 1227 Festinatione
535 1166 696 1225 concitatus
717 1166 847 1238 nimium
869 1165 1059 1238 adverbum,

129 1274 232 1346 pomse'
240 1288 301 1344 par
313 1287 346 1324 sa
360 1268 567 1342 precipitatum
582 1262 660 1333 Φύζα
678 1264 823 1342 poeticum
841 1283 895 1341 pro
911 1263 980 1342 φυγή
997 1263 1059 1342 jam

133 1366 256 1426 vidimus
277 1362 345 1424 Fub.
367 1364 462 1436 XXX,
480 1364 525 1422 16.
542 1360 633 1443 θύρης
656 1359 777 1438 κατιθύς,
798 1362 887 1420 Recta
913 1362 983 1440 (virt)
1006 1381 1060 1439 per

133 1465 218 1523 iores.
242 1463 346 1521 Manus
359 1461 548 1540 complodunt
563 1458 670 1538 quibus
684 1479 730 1517 res
744 1458 970 1536 insperatissimu
984 1460 1061 1517 acci·

133 1562 175 1622 uit
197 1580 290 1638 enque
310 1559 387 1618 haud
405 1559 498 1632 bona,
513 1559 565 1637 qui
583 1558 688 1616 malum
710 1569 846 1615 eventum
869 1557 1061 1636 experiuntur

132 1660 245 1738 dequo
268 1658 390 1736 cogitari
410 1677 469 1716 non
493 1669 606 1736 poterat
628 1657 658 1713 in
680 1676 711 1714 re
732 1655 806 1713 bene
830 1668 933 1732 coepta.
947 1652 1059 1728 Ἄλλον,

134 1757 249 1829 Alium3
268 1753 397 1835 δεύτερον,
410 1754 594 1814 Secundum:
610 1753 705 1812 Alium
721 1753 771 1831 qui
780 1754 818 1811 sit
831 1752 983 1811 sccundus.
994 1755 1059 1812 Non

132 1865 176 1913 est
194 1853 391 1932 pleonasmus.
412 1848 555 1921 Κινήσσσα
578 1849 703 1928 βυσσόθεν
729 1847 850 1929 γνώμην,
874 1846 1002 1907 Mentem
1023 1869 1059 1907 ex

131 1952 191 2011 imo
208 1969 343 2020 movens,
361 1949 380 2007 i.
394 1968 421 2009 e.
439 1948 479 2007 itu
500 1967 620 2006 versans
640 1960 673 2004 ut
694 1948 738 2005 vel
757 1948 832 2005 imos
845 1945 908 2024 ejus
932 1967 1060 2005 recessus

132 2047 324 2127 perquireret.
335 2043 448 2104 Πλέκειν
462 2043 570 2123 τέχνας,
586 2056 617 2101 ut
635 2043 732 2102 Latini
748 2046 868 2104 Nectcre
887 2044 978 2101 dolos
1000 2042 1058 2116 Τὴν

132 2144 155 2202 δ’
170 2141 205 2210 ὥς
224 2166 265 2209 τις
277 2133 346 2215 εἶδε,
360 2140 484 2201 δεικνύων
500 2139 647 2219 δνωδήγει,
668 2168 680 2192 ο
694 2141 764 2200 Eam
790 2141 957 2217 utquisque
975 2139 1059 2198 vide·

133 2254 191 2315 rat,
209 2240 289 2318 vulpi
316 2238 499 2298 monstrabat
522 2239 641 2311 viam»,
664 2239 700 2297 ad
727 2237 866 2310 verbum,
893 2239 1059 2296 ttousuans

133 2340 274 2416 (oemuru,
287 2337 305 2397 i.
316 2356 341 2394 e.
351 2336 412 2415 ejus
424 2338 499 2394 viam
514 2349 543 2395 et
553 2336 683 2414 vestigia)
694 2337 747 2394 viae
759 2335 821 2393 dux
834 2347 896 2393 erat
907 2335 968 2392 sive
982 2334 1058 2394 viam

132 2433 281 2494 indicabat
299 2433 413 2512 (vulpi).
432 2433 563 2512 Simplex
576 2433 679 2512 ὁδηγεῖν
695 2433 831 2510 frequens
847 2444 905 2505 est,
923 2433 1058 2508 ἀνοδηγεῖν

131 2546 244 2606 autem,
261 2531 340 2610 quod
357 2544 433 2590 esset
446 2531 489 2590 vel
510 2532 632 2589 Sursum
652 2550 764 2589 versam
779 2530 855 2589 viam
870 2529 1000 2589 indicare
1012 2533 1059 2591 vel

133 2632 236 2689 Denuo
248 2629 394 2700 indicare,
406 2648 547 2707 nusquam
563 2629 706 2706 reperitur
720 2648 815 2706 neque
828 2629 897 2686 satis
908 2630 1058 2707 proprium
1164 2610 1167 2616 ¹

8 2716 12 2775 Ι
131 2739 175 2785 est
191 2726 249 2785 hoc
263 2726 330 2784 loco
342 2747 350 2783 z
362 2739 394 2784 ut
404 2724 591 2784 scribendum
605 2725 738 2784 videatur
754 2723 876 2784 δεικνύων
898 2724 930 2783 δν
943 2725 1057 2805 ull-su,

132 2843 197 2903 quae
213 2836 361 2882 structura
375 2822 533 2883 adhibetur
552 2824 582 2882 in
602 2825 718 2884 actione
734 2845 788 2904 per
809 2825 991 2884 occasionem
1009 2847 1058 2884 rc-

133 2924 230 3001 petita.

172 3018 277 3078 56-88.
299 3020 421 3092 Reperio
434 3037 520 3074 noras
538 3032 614 3077 artes
626 3022 754 3077 admouet
768 3023 884 3097 cultros,
895 3020 969 3075 huuc
975 3039 1058 3094 proe-

132 3120 225 3176 sertr'm
238 3138 248 3172 .·
264 3120 374 3174 leonem
387 3117 562 3192 indignatum
573 3120 649 3192 quod
662 3119 792 3174 indecoro
798 3136 907 3192 pauore
917 3135 947 3171 sc
957 3115 1058 3173 subdu·

131 3222 207 3275 nant
218 3217 273 3291 lper'
287 3220 316 3270 r'u
334 3232 434 3270 aurem
449 3216 561 3290 aliquid
575 3218 712 3282 locutum,
724 3222 791 3287 jnm
809 3218 904 3290 lupum
922 3212 977 3271 siut
992 3234 1057 3277 suc-

130 3331 265 3371 ocuomm
284 3328 395 3384 capere.
415 3314 523 3369 Iterum
541 3313 766 3369 detruncamus
782 3313 824 3368 od
844 3316 954 3368 leonem
977 3315 1057 3371 redit.

131 3407 329 3489 Ἀνσγύχουσον
345 3407 399 3483 (lx)
413 3406 528 3487 δρόμων,
549 3408 680 3468 Animam
691 3429 728 3467 cu
744 3428 830 3466 cursu
852 3407 1057 3486 recipientem,

17 3490 22 3499 ¹
132 3518 165 3565 ut
173 3505 281 3565 dicitur
292 3500 371 3561 νόσου
380 3503 546 3586 ἀνασφῆλον,
559 3504 654 3585 paulac
668 3507 810 3587 ἀνανῆψαι.
825 3502 967 3577 Ἀνοοδιύης
978 3504 1058 3588 ὀφρύν

131 3602 231 3683 ἔχουσα
246 3600 294 3663 νυοὶ
315 3597 658 3684 μύτυνοον,1νυρυδεοῑίω
677 3603 863 3685 supercilium
880 3614 911 3663 et
933 3603 1058 3665 frontem
