2532 4318
197 231 235 291 tt
432 252 436 259 ·
545 222 774 284 EXPllCATlO

500 446 673 514 FABULA
700 445 823 514 XXXI.

203 648 206 657 ⁴
238 646 368 685 uusrssu
384 644 419 684 ss
432 630 537 686 Vsuus.
554 628 639 687 Cunl.
654 629 750 706 AEsop.
766 625 831 686 Feb.
851 628 918 703 169,
930 646 961 705 p.
978 629 1043 697 103,
1061 629 1132 686 356.

241 725 272 782 V.
297 725 361 782 1·6.
383 727 510 782 Mustela
529 725 680 801 pulchrum
700 726 838 782 lronrluem
859 743 964 781 amaus
985 745 1005 782 a
1022 727 1151 782 Veam-

199 827 333 897 r'mpetrat
352 835 385 877 rt
401 819 576 889 insemlaam
594 835 743 880 venustam
760 833 889 883 mutetur.
913 823 1015 879 Placet
1028 825 1137 895 Juvear'

199 931 229 975 et
251 924 358 994 auptioe
381 919 571 976 coadunatur.
594 915 717 998 Ἔρκμαι
740 938 805 975 cum
824 919 967 994 genitivu,
987 919 1131 977 Burnoul.

200 1022 216 1089 ς
231 1017 298 1074 328.
313 1014 403 1092 Σεμνή
414 1060 427 1089 ,.
439 1015 618 1074 Veneranda.
634 1014 717 1076 Πόθοι
730 1029 798 1075 sunt
810 1016 860 1093 qui
877 1015 987 1074 Latinis
1004 1015 1134 1094 Cupidi-

200 1131 268 1171 nest
277 1115 319 1172 De
332 1102 364 1182 ἧς
375 1134 414 1176 τις
429 1112 477 1169 οὐκ
486 1110 553 1190 ἔχων
566 1111 635 1193 ἤρα,
645 1114 686 1170 sic
704 1113 744 1172 ill.
765 1112 1007 1171 Boissonuadius:
1020 1138 1033 1163 a
1043 1132 1134 1189 quam

200 1217 249 1288 qai
267 1230 323 1268 aaa
344 1210 469 1268 lubebat
485 1210 613 1268 ardebat.
634 1213 740 1270 Forsan
756 1210 961 1285 scribendum,
976 1202 1008 1284 ἧς
1027 1209 1068 1278 τίς
1083 1213 1135 1271 ula

200 1306 269 1388 ἔχων
280 1307 349 1390 ἤρα;
363 1330 450 1385 quam
465 1316 526 1385 quis
543 1328 599 1366 aaa
616 1307 762 1366 ardebat?
773 1320 870 1367 sumto
884 1306 954 1386 ἶχων
972 1310 1047 1365 utin
1067 1307 1133 1366 lor-

202 1407 286 1467 mulis
297 1405 398 1475 παίζεις
412 1405 491 1486 ἔχων,
505 1406 628 1489 φλυαρεῖς
642 1402 720 1484 ἔχων,
730 1431 743 1458 »
762 1405 920 1484 dequibus
938 1426 964 1464 v.
988 1407 1133 1467 Burnoul.

202 1503 418 1582 §389,111.'Ev
433 1500 526 1585 μέρει,
543 1503 684 1562 Vicissim.

241 1604 329 1664 6—10.
350 1609 435 1660 Inter
452 1607 550 1680 epulas
570 1607 712 1679 nuptiales
729 1604 927 1679 pratereunit
948 1623 1027 1673 mus,
1048 1624 1132 1681 quem

176 1758 178 1763 ,
202 1715 371 1777 aarauupta
385 1703 479 1759 statim
497 1697 629 1763 venatur.
650 1702 772 1758 Solvitur
782 1701 907 1776 fletum,
925 1696 1103 1778 sugltAmor
1114 1723 1135 1761 a

203 1813 306 1857 natura
320 1803 419 1855 victus.
437 1795 525 1879 Αἴρειν
538 1797 651 1870 δεῖπνον,
661 1801 817 1875 Apponere
831 1802 940 1876 epulas.
954 1797 1133 1857 Καταΰαίνειν

203 1915 269 1955 auin
289 1893 423 1972 genitivo
437 1914 525 1971 quem
542 1895 712 1973 praepositio
732 1896 869 1973 postulat.
883 1892 918 1953 ‘ll
930 1893 1019 1975 νύμφη
1035 1896 1064 1952 in
1078 1896 1133 1955 fine

203 1994 346 2071 repetitur.
361 2012 426 2050 curu
440 1993 468 2050 vi
481 2014 488 2050 z
504 1994 557 2052 Illa
570 1993 646 2051 lecto
665 1993 721 2053 alte
734 2004 826 2051 strato
843 1991 1024 2050 descendens
1039 2012 1134 2070 perse-

204 2090 348 2170 quebatur
368 2110 492 2167 sponsa;
516 2090 597 2168 quod
615 2091 690 2149 valet
701 2135 709 2164 ‚
739 2092 912 2167 Quanquam
931 2109 1040 2169 sponsa
1063 2104 1132 2149 erut.

204 2190 251 2247 Sic
265 2188 301 2246 de
317 2189 408 2246 Bruto
425 2187 505 2246 dicas
517 2188 621 2269 latiue:
635 2213 647 2239 u
662 2187 711 2246 llle
723 2188 796 2244 lilios
806 2186 903 2245 necari
911 2186 999 2264 jussit
1015 2201 1108 2266 pater.
1122 2216 1133 2240 ι

206 2286 303 2350 Καλῶς
328 2283 441 2361 παίξας,
470 2285 625 2362 Postquain
656 2285 785 2342 suaviter
816 2276 940 2356 luserat,
972 2285 1002 2342 in
1032 2286 1133 2364 primis

206 2385 372 2462 nuptiarum
385 2384 538 2460 auspiciis:
553 2383 604 2441 sed
617 2382 687 2441 abiit
701 2394 832 2442 anatum
842 2395 994 2462 superatus
1009 2405 1016 2439 :
1031 2396 1134 2462 poten·
1178 2372 1180 2376 ἱ

207 2482 264 2539 tior
274 2493 336 2539 erut
346 2493 522 2558 naturaque}
533 2501 613 2538 suum
625 2481 753 2538 mustelae
765 2480 892 2539 indolem
905 2480 1033 2554 dederat,
1048 2498 1133 2558 (luam

207 2583 299 2639 Amor·
313 2581 512 2655 Auroruruque
526 2590 618 2635 mater
634 2577 787 2635 humanam
812 2578 839 2636 ei
857 2579 976 2656 liguram
990 2591 1018 2635 et
1032 2577 1134 2637 huma-

209 2696 278 2737 num
296 2675 430 2733 allecturus
448 2675 552 2753 largiti.
568 2676 617 2732 Sic
640 2674 774 2752 equidem
793 2675 854 2733 haec
871 2676 1055 2754 intelligenda
1073 2695 1134 2736 esse

208 2773 392 2853 putavi,quae
400 2773 441 2830 ill.
452 2771 657 2832 Boissunadius
671 2786 700 2830 et
708 2773 836 2831 Gallicus
848 2774 990 2850 interpres
1004 2775 1042 2831 ita
1054 2790 1135 2852 cepec

210 2884 296 2932 tunt:
310 2895 323 2923 ι
337 2875 379 2928 Ac
396 2869 471 2928 belle
485 2890 574 2947 quum
591 2869 717 2939 risisset,
733 2873 822 2928 Amor
841 2869 920 2929 abiit.
937 2873 1047 2932 Natura
1058 2873 1134 2936 enim

210 2971 313 3031 mulier
327 2968 402 3026 victu
419 2968 483 3028 luit.
494 2993 506 3019 r
517 2968 552 3025 Et
566 2966 686 3044 gallice:
701 2972 889 3025 L'Aarourea
904 2970 941 3026 rit
953 2970 972 3024 ὰ
980 2973 1095 3047 plaisir,
1109 2987 1135 3031 et

205 3075 316 3146 partit:
326 3088 378 3125 rar
387 3071 415 3123 la
428 3081 530 3125 nutare
542 3071 672 3123 uvaltetcl
678 3071 746 3142 plus
751 3070 831 3138 forte
842 3086 896 3145 que
911 3072 941 3126 la
948 3070 1070 3143 femme.

499 3274 677 3344 FABULA
706 3276 845 3344 XXXII.

254 3475 397 3516 sustensi
418 3478 456 3514 ss·
477 3472 593 3516 seusus.
607 3457 688 3517 Conf.
703 3459 800 3536 AEsop.
813 3457 881 3519 Feb.
900 3459 967 3528 418.

254 3556 287 3615 V.
305 3575 370 3628 1-7·
384 3557 542 3614 Semaatem
546 3570 698 3635 postquam
715 3553 827 3632 fecerat
846 3562 971 3634 agricola
986 3546 1097 3615 sturnos
1112 3572 1138 3615 et
