2532 4318
189 185 227 249 58
538 188 769 255 Exrttcmtu

189 307 267 365 aliud
286 320 399 385 tempus
420 306 604 365 reseruntur:
619 310 761 367 sententia
778 321 874 368 nutem
888 322 918 367 et
930 330 1027 369 rerum
1044 308 1122 370 ordo

189 407 263 463 hunc
283 407 348 464 iniri
362 404 570 463 vocabulorum
584 418 759 465 structuram
774 406 896 484 jubent,
915 408 1074 490 κορυδολλὸς
1085 399 1120 481 ἦν

189 527 228 568 τις
243 500 270 568 ὃς
281 504 378 571 παῖδας
390 492 446 583 εἶχε
501 549 509 559 .
528 505 658 581 Ignorari
673 506 788 563 videtur
801 507 881 584 quod
893 488 930 565 sit
942 507 1120 566 hodiernum

188 619 294 657 nomen
314 599 467 658 charadrii.
494 598 574 678 Κόμη
587 602 647 678 jam
664 622 752 680 supra
774 603 899 662 vidimus
921 606 1121 682 metaphorice

188 696 245 755 dici
268 697 304 755 de
322 696 460 756 arborum
478 698 554 756 foliis
572 721 579 755 :
602 698 710 758 dicitur
723 701 771 759 hic
789 701 825 759 de
848 703 944 780 spicis.
969 701 1011 760 Τὸ
1029 701 1119 782 θέρος,

189 796 295 872 Fruges
311 795 430 867 aestatis,
444 794 522 853 uude
534 794 641 876 θερίζειν
655 797 733 855 idem
746 798 825 875 quod
835 800 925 876 ιἰριᾶν,
940 812 969 857 et
984 799 1119 879 θεριστοιί,

172 895 340 954 Messores.
359 895 520 970 Utrumque
540 892 637 971 jungit
661 895 893 954 Demosthenes:
915 894 946 956 τὸ
967 895 1039 977 θέρος
1057 898 1120 975 ipr-

188 995 295 1051 οθοῑῖντο
316 988 462 1072 ἐκθερίζειν.
481 987 606 1063 Ῥέοντα,
625 992 823 1065 Deflueutem‚
836 992 974 1051 nimirum
988 1006 1080 1070 gruna
1102 1017 1120 1053 c

189 1090 276 1168 spicis
299 1088 472 1159 defluentia,
494 1086 604 1147 offatim
625 1087 767 1149 cadentia.
794 1088 1035 1171 Δραγμοιτηρόροι,
1059 1093 1133 1164 Qui¹

189 1186 353 1265 manipulos
368 1184 528 1257 seruot‚de
539 1185 576 1243 iis
591 1187 642 1263 qui
657 1187 820 1264 inanipulos
834 1190 967 1248 vinciunt
980 1191 1120 1265 (Homero

188 1297 256 1343 sunt
268 1283 490 1362 ἀμαλλοδετῆρες)
506 1296 536 1340 et
547 1282 577 1339 iu
587 1302 683 1342 areum
693 1283 835 1343 deferunt.
847 1285 1016 1366 Κορυδαλλὸς
1024 1286 1120 1363 ποιοί,

189 1381 313 1441 subaudi
329 1378 389 1463 ἔφη.
408 1380 537 1460 Ἀλλαχοῢ
553 1379 655 1460 φεύγειν
675 1383 794 1460 proprie
815 1384 969 1442 dicendum
987 1398 1051 1443 erat
1070 1387 1121 1444 ἆλ-

186 1481 302 1560 λαχόσε,
316 1493 349 1538 ut
361 1500 445 1538 versu
459 1499 503 1553 10,
517 1487 563 1539 ποῖ
573 1477 733 1557 μεταστήσω
745 1500 800 1559 pro
814 1486 875 1539 ποῦ.
895 1483 975 1541 luter
988 1503 1053 1560 quae
1063 1484 1121 1544 hoc

188 1580 342 1639 discrimen
357 1579 503 1653 statuitur,
513 1589 546 1634 ut
563 1577 684 1634 alterum
700 1577 737 1643 sit
751 1578 921 1655 simpliciter
933 1579 998 1641 Atio
1009 1581 1120 1658 fugere,

188 1678 310 1737 alterum
331 1677 481 1733 notionem
504 1672 590 1732 addat
607 1673 764 1732 Desidendi
779 1675 821 1733 ibi
835 1696 894 1753 quo
910 1688 937 1733 te
952 1679 1121 1737 contuleris,

446 1883 618 1950 FABULA
644 1883 861 1952 Lxxxvtlt.

189 2112 192 2117 .
230 2086 318 2125 nurus
338 2087 376 2124 nr
396 2086 497 2124 tonos.
520 2066 603 2127 Cous.
622 2067 718 2144 AEsop.
737 2065 804 2125 Fub.
821 2087 888 2142 229,
911 2066 1025 2144 p.150‚
1046 2068 1121 2140 3783

189 2167 312 2244 primam
338 2163 463 2222 sabulum
490 2163 615 2223 Phaedri.
638 2196 679 2208 ·-
693 2168 788 2239 Lupus
807 2184 913 2240 agnum
927 2166 1122 2223 decoramu-

186 2270 268 2339 piens
281 2267 371 2318 variis
384 2280 448 2317 eum
461 2263 611 2319 calumniis
626 2262 760 2317 adoritur.
775 2262 854 2333 Quor
863 2259 913 2317 ubi
923 2278 1022 2317 omnes
1033 2263 1122 2320 ἄλλοι·

189 2377 351 2435 ratoguur,
367 2362 406 2415 At
419 2363 533 2433 lupum,
558 2359 648 2433 inquit
663 2360 729 2427 ille,
746 2371 775 2416 tu
795 2378 850 2414 nou
871 2378 953 2433 coges
968 2357 1120 2418 abirim—

107 2460 112 2471 '
186 2477 325 2534 pransum
338 2478 348 2511 .·
361 2469 390 2512 et
398 2458 547 2515 devoravit.
557 2455 688 2533 intellige
699 2452 904 2534 πεπλανημένον
912 2454 987 2534 (ἀπὸ)
997 2455 1121 2536 ποίμνης.

190 2552 324 2635 Ἅρπᾶξων
336 2553 451 2631 poetica
466 2553 559 2611 forma
571 2573 625 2630 pro
640 2551 775 2635 ἁρπάσων.
789 2551 988 2632 empireum,
1001 2556 1122 2632 Specio-

105 2674 108 2678 ⁴
191 2674 264 2724 sum,
277 2653 411 2710 Honeste
422 2650 537 2728 speciei.
549 2647 662 2731 Πέρνσι,
676 2655 760 2710 Anno
772 2650 926 2727 praeterito,
938 2651 977 2711 Et
988 2657 1122 2729 sequenti

190 2769 277 2808 versu
293 2758 485 2825 opponuntur
502 2744 638 2826 περυσινός
653 2759 682 2803 et
696 2747 738 2804 ἐπ’
748 2743 822 2818 ἔτος,
843 2747 954 2825 dequo
978 2749 1121 2810 formatur
1230 2808 1239 2823 ,

191 2846 363 2924 adjectivum
378 2844 513 2920 frequens
526 2841 651 2921 ἐπέτειος,
663 2845 789 2902 Horous.
803 2842 916 2924 Κείρειν,
926 2858 960 2904 ut
974 2846 1119 2923 'fondere

192 2947 228 3004 de
245 2940 474 3022 depascentibus.
488 2939 567 3012 Αἰτίη
581 2959 640 2999 uon
657 2960 725 2999 raro
742 2954 786 3000 est
797 2942 924 3020 Crimen,
936 2943 1120 3019 criminatio,

192 3045 276 3104 etium
295 3042 396 3120 Culpa.
432 3073 436 3081 ·

466 3242 636 3310 FABULA
660 3243 847 3311 LXXXIX.

233 3449 287 3486 nno
307 3444 523 3484 armorumue.
545 3424 628 3485 conf.
640 3424 738 3502 AEsop.
764 3423 831 3483 tau
851 3425 917 3494 348.
931 3459 970 3470 -
994 3428 1119 3484 Leonem

194 3526 332 3585 rabiosum
348 3524 450 3581 uidens
468 3523 604 3580 hinnulus
622 3523 699 3585 droit
714 3542 724 3577 .·
742 3525 794 3578 Voe
807 3527 914 3581 mireris
933 3518 1031 3579 nobis!
1053 3527 1123 3597 quid

26 3988 532 4252 nm
