2532 4318
201 264 431 327 insulanum
451 263 540 337 mlx,
560 263 656 323 exn.
677 298 717 312 -
737 264 1012 325 minumum,
1043 263 1079 323 81

163 401 228 462 cnm
251 380 393 439 infinitivo
415 380 514 439 aoristi
528 392 558 438 et
575 379 645 438 alibi
657 393 685 438 et
703 379 781 458 apud
803 380 975 458 Euripidem
989 380 1083 440 Rheso

162 477 218 551 657
231 495 239 537 ε
252 475 289 537 l'l
304 475 427 555 μίλλιτι.
439 518 447 534 .
459 478 559 536 ,σῶσαι
580 476 651 555 tlon
666 502 679 529 ι
693 477 738 536 Ex
754 489 824 536 nota
837 477 877 536 ill.
891 478 1083 540 Bnissonadii.

163 578 270 657 Στιριῖν
283 596 350 635 eum
368 575 515 654 genitivo,
529 575 605 633 cons.
621 575 762 634 Bnmouf.
777 581 793 649 ς
806 577 873 649 327,
883 576 934 635 lll.

465 780 781 848 FRAGMENTUM.

200 962 295 1021 Gom
315 983 480 1027 assisinos
502 963 586 1021 cont.
606 963 762 1021 Pbaedtnm
774 964 823 1036 w,
838 984 864 1021 1.
879 993 919 1008 -
931 964 1007 1019 catti
1019 960 1087 1039 (Cy-

161 1058 241 1119 beles
265 1060 439 1139 sacerdotes)
458 1062 591 1117 miserum
616 1068 731 1118 asinum
756 1075 901 1130 emerant,
930 1073 959 1116 et
984 1064 1084 1133 stipem

161 1157 330 1234 colligebant
344 1180 399 1236 per
426 1178 573 1235 pagos...
606 1158 682 1217 Galli
714 1157 892 1217 vocabantur
920 1154 1087 1215 sacerdotes

160 1254 284 1331 Cybeles
298 1257 358 1315 sive
377 1258 488 1332 Magnae
507 1257 626 1329 Matris,
641 1256 693 1333 qui
713 1256 819 1334 stipem
837 1252 1013 1335 colligebant
1026 1254 1086 1311 eir-

160 1353 360 1424 cumfnmnei,
382 1353 449 1412 hinc
475 1350 602 1433 ἀγύρται,
628 1352 812 1434 μητραγύρται
834 1352 914 1411 dicti.
936 1349 1085 1432 Εὗμοιρος,

160 1449 249 1526 Cujus
273 1470 336 1509 sors
351 1450 454 1531 (μοῖρα)
475 1449 561 1523 felix,
576 1450 731 1509 fortunata
753 1463 805 1510 est.
828 1446 995 1530 Πανουργοί,
1019 1467 1086 1506 nam

161 1547 318 1625 prestigias
331 1568 448 1626 qnoque
460 1547 585 1608 mendici
597 1547 638 1606 illi
652 1546 777 1626 agebant
788 1571 795 1606 :
806 1547 885 1606 unde
895 1547 985 1605 etiam
999 1543 1084 1616 κακὴν

160 1641 255 1723 τέχνην
272 1643 402 1723 bajulare
414 1645 521 1704 dicitur
532 1646 649 1720 asinus,
662 1673 675 1697 ι
686 1646 757 1704 artis
774 1645 857 1704 malae
872 1646 1085 1703 instrumenta.»

160 1738 208 1809 ‘tit
223 1740 312 1815 lmus,
328 1757 359 1801 ut
374 1743 469 1803 Latini
486 1745 530 1803 De
551 1763 639 1802 more.
655 1740 794 1825 Περιόντις
808 1756 933 1802 metrum
956 1740 1085 1820 postulat

162 1857 217 1914 pro
238 1839 391 1921 πιριῖόντις.
412 1838 514 1913 Ἄττις,
538 1844 598 1900 sive
618 1843 715 1917 Attys,
738 1841 964 1900 formosissimus
985 1851 1086 1918 pastos·

160 1936 282 1995 Celaenis
303 1938 332 1995 in
364 1937 507 2015 Phrygia,
525 1958 612 2015 quem
639 1936 754 1996 amabat
781 1936 901 2014 Cybele,
933 1936 1084 2014 repudiata

73 2031 76 2038 '
159 2044 255 2090 atatem
276 2033 405 2091 furorem
429 2035 529 2113 injem't
544 2034 665 2111 juveni,
680 2035 732 2113 qui
755 2034 860 2093 exinde
881 2053 912 2092 se
929 2033 1081 2091 mutilavit

159 2128 240 2188 llbea
257 2130 287 2188 in
310 2130 436 2209 antiquis
458 2130 565 2189 sabulis
578 2131 688 2207 ‚eadem
711 2143 755 2188 est
774 2149 840 2209 qnae
856 2127 984 2206 Cybele,
1000 2128 1082 2206 cujus

159 2227 318 2306 orgiacum
334 2229 426 2286 multo
441 2239 645 2306 tympanorum
655 2228 753 2286 sonitu
767 2229 796 2285 in
812 2225 938 2305 Phrygia
949 2222 1082 2284 celebra·

160 2320 281 2399 hamum
296 2344 362 2402 qnae
380 2337 516 2405 tympana
536 2324 757 2383 circumforanei
771 2326 859 2384 etiam
875 2323 952 2383 Galli
966 2323 1012 2381 isti
1031 2342 1082 2400 ge-

158 2419 280 2480 stabant
