2532 4318
373 204 604 266 tauutnttunt
625 205 717 280 Lxx,
738 206 840 267 Lxxt.
1036 222 1072 286 47

141 322 215 381 latex
226 349 239 372 ο
252 342 260 379 :
276 321 369 400 possis
385 322 506 380 fortasse
518 321 641 399 proprio
653 341 757 400 capere
771 342 872 395 sensu,
882 327 966 401 Aqua
977 327 1072 404 qualis

139 432 180 479 ut
206 430 326 490 atate,
352 419 513 498 prelucida,
541 417 651 498 διαυγής
673 419 764 498 (quod
785 421 951 499 explicandi
969 444 1070 485 caussa

44 582 51 591 ‚
137 518 285 597 adjectum
301 516 441 596 videtur),
457 537 517 575 non
532 516 649 575 turbata
664 518 882 577 autumnalibus
897 521 1005 598 pluviis
1020 538 1071 581 atu

137 615 264 675 hiberna
281 615 460 693 intemperie.
473 614 577 694 ‘l'upcol
593 614 791 690 metaphorice
803 614 943 675 dicuutur
954 618 1068 688 Pinnae‚

135 713 197 772 ttae
211 713 327 784 avium3
340 720 450 792 χαῖται,
467 713 576 789 Cumae,
591 711 629 769 de
644 711 747 789 pennis
762 731 827 789 quae
845 733 904 772 uon
924 727 991 772 sunt
1004 718 1067 775 ala-

135 831 219 883 rum,
231 810 276 868 rel
292 809 409 887 plumis.

179 907 286 966 ιο-ι5.
311 909 491 965 l'eru‘reu'om
511 909 661 984 graculus,
684 909 737 981 qui
751 927 789 964 ec
802 910 929 966 deciduis
942 914 1066 970 aliarum

126 1008 236 1080 pennis
245 1011 496 1083 variumornupum
510 1003 705 1080 ον’θὶρονοοίί,
717 1007 782 1062 loul
790 1008 863 1062 adeo
869 1005 1022 1082 probatum
1037 1025 1069 1069 ut

129 1103 281 1160 vicanum
299 1108 326 1158 el
337 1104 497 1159 decreturus
509 1116 592 1160 esset.
614 1098 740 1173 Κολοιός,
759 1099 845 1182 γέρων
865 1102 985 1186 κορώνης
999 1106 1064 1176 υίός.

131 1201 164 1260 lu
174 1200 232 1271 his,
239 1199 336 1277 inquit
344 1198 382 1258 itt.
392 1197 606 1271 Boissonadiua,
615 1223 627 1248 a
636 1197 665 1254 id
672 1199 975 1277 anirnadrertendum,
984 1206 1064 1282 quod

130 1295 235 1357 κολοιὸν
250 1317 333 1355 avem
345 1297 432 1376 vulgo
446 1297 492 1355 sui
506 1295 620 1373 generis
635 1294 782 1370 habitam,
798 1299 851 1357 etsi
864 1301 978 1359 cornici
993 1322 1064 1381 pro·

130 1396 260 1466 xlmam,
273 1394 397 1453 cornicis
411 1394 523 1473 pullum
540 1392 641 1451 lecerit
655 1394 849 1471 grandiorem.
864 1422 876 1447 ν
896 1396 964 1456 Καθ’
977 1400 1063 1480 ὑγρῶν

130 1490 202 1559 trel<
215 1489 336 1572 ἁρμόσας
347 1489 439 1570 ὤμων,
458 1518 471 1542 κ
484 1488 678 1549 {lumentibus
692 1491 815 1549 interius
835 1506 938 1570 aptaus
956 1495 1061 1557 hurrie-

131 1592 211 1661 τίον,
233 1610 300 1647 nam
316 1589 470 1648 humentes
493 1608 594 1667 pennae
613 1588 799 1647 humentibus
814 1611 844 1649 se
864 1592 1013 1669 applicant
1032 1611 1062 1654 et

131 1687 254 1745 harant.
272 1685 358 1755 Μόνος
371 1683 405 1746 τόν
425 1686 531 1745 πάντων
554 1685 690 1765 ἐκοσμήθη
709 1686 820 1746 dictum
837 1701 869 1747 ut
890 1687 935 1747 τὸν
952 1690 1061 1753 πάντων

130 1782 230 1864 κόσμον
242 1783 394 1863 ἐκοσμήθη,
408 1784 489 1862 qttocl
510 1785 607 1843 activo
621 1785 727 1863 legitur
740 1805 768 1845 ν.
781 1788 828 1859 23,
848 1787 945 1848 nauehu
959 1788 1060 1872 κόσμον

129 1886 225 1941 dulor
239 1880 341 1959 κόσμοι.
357 1884 464 1942 Notum
483 1895 526 1941 est
548 1882 577 1939 iu
597 1883 799 1961 hujuscemodi
818 1886 974 1965 phrasibus
986 1891 1062 1950 alte-

130 2002 193 2039 rum
208 1980 406 2039 accusativum
417 1981 504 2039 etiam
521 1981 637 2058 passivo
653 1981 787 2060 relinqui.
810 1985 904 2043 Αἰετοῦ
916 1984 1059 2066 κρείσσων,

129 2079 259 2156 «Aquila
277 2078 461 2156 superbior.»
480 2080 599 2158 Παρεῖχε
615 2077 664 2152 τὴν
679 2079 771 2153 νίκην,
784 2082 807 2138 el
817 2079 870 2157 μὴ.
883 2124 911 2140 ..
928 2103 982 2160 pro
1000 2107 1057 2144 πα-

129 2184 216 2258 ρεῖχεν
237 2176 280 2254 ἄν,
289 2197 318 2233 ν.
332 2176 496 2248 Burnonl.§
508 2177 576 2249 366,
595 2198 620 2234 ι.

171 2276 278 2332 16-22.
298 2278 356 2334 Sed
361 2280 486 2350 primum
496 2274 618 2330 lu'runrlo
631 2276 742 2349 Attica,
757 2278 863 2333 deinde
875 2280 946 2334 nlloe
957 2284 1059 2339 multoe

126 2391 193 2429 ures
204 2392 273 2429 suus
281 2378 309 2429 el
315 2391 428 2448 pennas
442 2373 594 2427 evellemur
603 2392 614 2427 .·
622 2385 651 2427 er
661 2376 789 2448 cognitur
798 2387 845 2431 ert
853 2380 998 2451 graculus.
1009 2375 1057 2445 Ὦς

129 2467 269 2544 Ἀθηναίη,
286 2470 394 2548 Utpote
415 2467 616 2542 Atheniensis,
637 2469 773 2528 nimirum
790 2484 876 2529 acuto
897 2473 1015 2550 ingenio
1028 2490 1058 2535 et

128 2581 270 2627 emunctae
293 2568 381 2625 naris.
401 2562 558 2635 Quomodo
583 2566 679 2624 Attica
704 2571 741 2623 sit
764 2567 907 2640 hirundo,
931 2570 1058 2632 vidimus

129 2668 157 2723 in
171 2665 240 2727 Fab.
254 2666 302 2725 Xl.
312 2663 364 2731 Ὦς
377 2663 486 2721 dictum
499 2674 542 2720 est
556 2677 588 2720 ut
606 2663 637 2747 in
652 2666 688 2731 ὣς
700 2664 830 2737 Βοιωτός,
844 2668 911 2727 tab.
922 2668 998 2741 le,
1012 2690 1056 2728 ιι.

113 2738 167 2823 'Th
177 2763 273 2844 πτερόν
283 2777 326 2822 est
344 2763 432 2821 Suam
446 2780 591 2839 pennam:
608 2763 669 2820 ltaec
681 2764 724 2822 vis
737 2765 861 2823 articuli.
873 2764 920 2837 Mai
934 2789 968 2842 us
977 2789 1058 2827 συνο-

127 2859 271 2941 pantana
287 2863 400 2939 «Apte,
416 2858 511 2936 inquit
523 2859 562 2918 itt.
581 2860 801 2934 Boissonadius,
817 2862 873 2921 hoc
884 2862 975 2922 verbo
990 2885 1057 2924 usus

127 2972 171 3017 cst
184 2961 333 3039 ςοοοοΙοο,
346 2976 430 3017 avem
441 2955 584 3014 allocutus
595 2957 729 3018 Atticam.
746 2961 817 3019 Nam
830 2960 951 3020 Athenis
967 2962 1056 3020 flors-

126 3055 177 3115 hat
196 3058 282 3116 valde
306 3055 552 3134 sycophantarum
579 3055 693 3112 natio.»
714 3057 770 3114 Οθν
791 3059 875 3134 prol
894 3057 931 3127 ir,
955 3059 1054 3117 erasis.

124 3154 241 3215 &uita
263 3156 325 3213 sire
343 3152 470 3232 galerita
488 3149 525 3210 ad
553 3151 707 3229 sepulchra
733 3154 905 3232 plerumque
925 3153 1054 3233 degunt:

125 3272 217 3331 quare
231 3253 390 3313 Theocrito
400 3249 472 3310 dicti
486 3247 666 3329 ίπιτομίίδιοι
682 3251 883 3333 κορυδαλλίδος,
893 3251 977 3328 idyll.
988 3254 1054 3326 Vll,

128 3352 173 3410 23.
184 3352 233 3411 Xa’s
245 3349 348 3425 νηπίων
358 3347 473 3429 ίριθρος,
485 3374 497 3399 ι
508 3349 726 3425 imprudentium
737 3350 884 3405 insidiator
891 3352 1052 3421 uolucrum,

125 3448 235 3526 conjeci
256 3461 286 3507 et
303 3446 404 3525 scripsi
421 3445 638 3517 audaciuscule,
653 3445 732 3523 quod
748 3446 851 3503 saltem
866 3446 958 3506 lector
970 3448 1055 3508 intel·

127 3547 195 3626 liget
206 3549 297 3608 facilc.
313 3547 411 3605 Codes
421 3541 489 3603 νοίὸ
504 3543 605 3617 νηπίων
620 3542 722 3621 ίρηόσς.
736 3571 748 3599 ν
762 3547 886 3603 Baltton.
