2532 4318
206 259 241 314 32
552 258 783 320 Exrttcttto

204 372 427 453 descriptionem
443 375 632 453 pertinentia,
649 376 755 453 quibus
771 375 967 453 significantur
981 370 1063 434 πιδίιι
1076 394 1137 432 non

203 491 266 530 esse
278 492 462 551 camporum,
476 473 525 532 sed
542 475 627 532 Prata
639 475 735 551 qualia
750 474 828 533 silvis
839 475 948 532 inclusa
966 472 1114 533 habentur
1129 497 1136 532 :

205 567 273 648 χλόη
290 569 459 649 βαθύσχοινος
475 582 570 629 autern
592 584 706 648 pratum
730 572 898 649 depressum
917 585 946 630 et
960 571 1045 643 valde
1064 571 1137 630 irri-

206 689 293 746 guurn
314 670 440 744 indicat,
456 669 575 729 herbam
598 690 662 729 cum
677 671 768 748 junco
787 671 906 729 mixtam
920 669 1041 729 habeus.
1062 667 1140 729 Ἐκεῖ

209 787 263 843 arro
275 769 377 841 ἐκεῖσε,
391 769 447 827 nisi
462 770 557 827 locum
576 768 709 828 vocabuli
723 789 845 847 urgeas:
858 788 924 826 nam
941 765 1069 827 ποικίλων
1084 768 1140 827 ἐκεῖ

207 862 280 946 ζῴοιν
294 878 338 924 est
352 867 501 924 Variarum
523 867 564 925 ibi
584 867 748 945 degentium
774 868 908 927 serarum.
923 865 1001 927 ‘ott
1020 889 1051 946 γε
1074 863 1140 948 πρὸς

206 961 295 1034 πείνης
308 962 427 1038 θνήσκει,
438 965 572 1022 nimirum
584 985 687 1024 cervus
698 989 705 1024 ε
716 978 749 1022 ut
761 966 872 1024 mireris
885 978 1000 1044 poetam
1015 984 1140 1044 pergere

189 1103 193 1110 =
208 1061 287 1119 laurio
298 1062 327 1119 in
342 1062 459 1120 modurn
473 1082 481 1119 ι
496 1061 616 1145 ἔλαρος
629 1062 673 1136 δέ,
688 1065 769 1142 quasi
785 1063 821 1121 de
835 1064 890 1122 alia
906 1063 995 1122 modo
1008 1064 1069 1122 sera
1089 1065 1139 1122 lo-

208 1174 291 1217 cutus
310 1172 391 1218 esset.
409 1160 498 1220 Verbi
509 1162 679 1241 κατασκλῆμι
700 1161 778 1239 quod
801 1162 892 1220 letica
914 1161 1046 1219 referunt
1066 1180 1140 1236 per·

209 1257 313 1316 lectum
332 1260 423 1316 solnm
447 1259 477 1317 in
500 1281 553 1319 usu
580 1273 639 1333 est,
662 1257 846 1331 rationantur,
870 1260 1036 1319 Exsiccatus
1060 1279 1142 1332 sum,

209 1355 362 1416 Contnbui.
377 1355 468 1427 Μήπω
481 1355 597 1439 κορώνην
612 1356 733 1439 δευτέρην
745 1355 915 1429 ἀναπλήσας,
930 1361 1074 1415 «noudum
1086 1379 1142 1416 εα-

202 1455 291 1528 pletis
301 1453 412 1512 clunibus
424 1461 542 1512 cornicis
549 1455 690 1513 oetcrti'bus.
706 1456 816 1515 Locum
826 1452 984 1514 elucidabit
995 1453 1143 1513 Hesiodus

181 1620 185 1627 ῃ
211 1553 311 1629 fragm.
330 1552 390 1610 50:

332 1737 428 1798 Ἐννέα
437 1762 478 1798 τοι
491 1735 552 1807 ζώει
565 1735 653 1816 γενεὰς
667 1736 798 1819 λακέρυζα
810 1735 911 1823 κορώνη

331 1837 432 1918 ἀνδρῶν
445 1833 588 1909 adoletur
605 1834 699 1918 ἔλαφος
714 1836 742 1895 δέ
757 1859 786 1896 τι
799 1834 1001 1919 τετρακόρωνος.

211 2025 320 2082 Cervus
337 2022 425 2102 igitur
438 2025 567 2083 nondum
587 2024 788 2103 duodeviginti
805 2036 904 2083 aetates
918 2023 1047 2098 vixerat,
1061 2042 1142 2082 nou-

211 2121 281 2179 dum
298 2134 361 2179 erat
380 2118 525 2202 δικόρωνος.
541 2123 623 2183 cont.
638 2122 706 2184 Fab.
719 2131 768 2199 94,
781 2141 847 2180 nr.»
860 2122 936 2180 Nota
949 2132 992 2178 est
1005 2119 1046 2179 ill.
1059 2120 1143 2179 Bois·

211 2218 334 2277 sonadii.

519 2425 691 2493 FABULA
717 2424 835 2492 XLVI.

255 2632 398 2669 ιοιιιοοιι
419 2631 455 2667 ιτ
478 2631 542 2667 naus
564 2630 643 2666 run.
664 2609 747 2667 (Ioni.
762 2609 980 2684 AEsop.17r‚p.
995 2604 1059 2675 105,
1070 2603 1146 2679 358;

215 2709 363 2768 Plutarchi
378 2707 630 2785 Apoplrthegnrata
647 2726 675 2782 ρ.
693 2713 757 2776 174,
772 2706 801 2763 F.

255 2807 287 2864 V.
306 2814 391 2874 ¹·¹l·
412 2804 600 2862 Moribnnrlns
617 2823 706 2861 senex
713 2804 791 2877 filiis
809 2804 984 2859 concordium
1000 2799 1145 2856 commen-

214 2908 332 2961 daturus
358 2906 445 2960 allato
476 2909 624 2979 virgarum
645 2900 788 2973 fasciculo
813 2901 1003 2968 deteriorandae,
1028 2904 1145 2971 junctus

216 3003 315 3079 frangi
338 3021 394 3058 non
411 3020 516 3076 posse,
531 2998 629 3070 facile
641 2996 751 3073 frangi
771 2998 908 3073 stirgulns.
935 2992 1145 3067 Ἐπιοκήπτων,

215 3100 353 3161 lllantlata
373 3099 452 3158 dnus.
468 3099 540 3158 tut
561 3096 583 3156 δ’
602 3110 669 3176 post
687 3097 871 3175 parenthesin
890 3107 986 3155 mente
1007 3092 1147 3171 adjicien·
1179 3112 1186 3123 ’

217 3201 286 3259 dnm
309 3189 377 3259 εἶπε.
397 3196 475 3260 Κατὰ
498 3197 561 3277 μίην
581 3211 625 3257 est
649 3197 770 3256 latinum
795 3194 985 3275 Singillatim,
1007 3194 1100 3254 Unam
1117 3204 1147 3251 et

217 3301 322 3358 iterum
348 3319 442 3371 tinam,
461 3297 602 3375 Singulas.
625 3297 696 3356 Cuur
711 3298 835 3377 πειρᾶσθε
847 3315 874 3354 ν.
893 3290 1144 3371 9intelligendutn

218 3409 260 3455 est
281 3394 400 3466 κατᾶξαι.
415 3395 544 3456 [deluenda
561 3415 577 3451 a
598 3392 706 3474 πάσχω.
725 3391 759 3453 ‘0
771 3389 847 3459 αὐτός
864 3411 930 3450 curn
945 3389 1045 3448 dativo
1061 3387 1144 3468 jungi

218 3510 319 3555 notum
334 3510 394 3571 est,
410 3509 443 3555 ut
457 3494 546 3556 ldern.
564 3493 700 3555 Horatius
710 3511 717 3550 t
729 3491 895 3567 Idemsncit
902 3491 1052 3558 occidenti,
1070 3486 1145 3546 idern

219 3606 305 3676 atque
316 3593 402 3674 isqui
413 3591 529 3655 occidit.
