2532 4318
534 189 767 251 uxruiueuru
870 261 875 270 ⁴

491 411 517 479 F
520 412 658 481 ABULX
685 410 809 481 XXIX.

225 611 362 648 aimoini
384 613 422 650 ua·
442 592 629 653 Mancuuius.
647 592 724 676 Alibi
744 614 802 653 nou
825 591 940 671 legitur.
964 623 1004 636 -·
1023 595 1115 668 Lupi-

185 689 250 746 eidu
265 694 404 748 Hermum
429 697 514 749 venui
537 705 712 769 eaposroerut.
729 693 800 749 Eum
820 695 943 768 empturi
958 703 1045 749 eruut
1062 694 1117 748 duu

185 788 325 860 homiues,
348 792 423 845 alter
444 802 475 847 ut
497 791 612 867 cippum
642 801 779 847 statueret
792 790 861 864 filiu
889 802 1012 857 mortum·
1036 792 1117 862 ulter,

189 884 309 962 opifex,
335 898 368 942 ut
391 892 420 942 ire
445 884 564 958 officim
590 889 736 943 dedicaret
758 887 851 944 deum.
880 887 1045 942 Vendieione
1064 906 1119 963 per

187 994 292 1040 uectem
310 989 484 1060 ingruentem
510 990 682 1063 interrupta,
704 986 835 1060 lupieidae
855 990 1003 1041 insomnis
1025 1004 1119 1062 ινφρα-Δ

187 1075 246 1138 ruit
263 1083 441 1158 Mercurius,
458 1084 578 1139 ilicem:
602 1085 677 1140 Fata
698 1101 762 1141 meu
782 1101 858 1139 nunc
876 1087 1049 1157 trutinarisq
1069 1095 1121 1157 <au

188 1195 324 1241 mortuum
336 1182 475 1241 hortunam
487 1185 523 1239 de
533 1203 579 1240 me
583 1183 698 1255 facies,
717 1195 769 1238 aut
776 1184 870 1240 deum.
884 1183 1003 1241 uermes
1017 1194 1119 1243 notum

188 1292 233 1343 est
249 1278 330 1357 signa
353 1280 491 1339 Mercurii
514 1281 601 1339 fuisse
619 1300 683 1358 quae
697 1278 734 1338 ab
751 1279 880 1338 humeris
897 1291 927 1338 et
951 1293 1071 1357 pectore
1089 1280 1120 1339 iu

190 1377 353 1436 columnam
381 1376 552 1454 quadratam
578 1390 628 1435 aut
649 1378 769 1457 cippum
794 1373 916 1456 (στήλην)
946 1376 1119 1438 desinerent.

190 1472 333 1556 Ἑρμείης,
358 1474 514 1552 productio
539 1475 655 1552 poetica
676 1476 777 1532 'iormae
799 1475 907 1533 ionicae
923 1471 1062 1558 Ἑρμέης,
1085 1495 1122 1535 ex

191 1592 248 1649 qua
272 1585 422 1631 contracta
447 1571 572 1649 vulgaris
594 1569 705 1652 Ἑρμῆς.
737 1570 866 1650 Λύγδινον
896 1585 1007 1632 vertere
1029 1573 1122 1652 possis

190 1670 382 1729 Marmoreum
409 1691 420 1729 z,
445 1673 520 1726 nam'
533 1668 651 1729 Parium
673 1688 800 1727 murmur
826 1669 973 1730 Diodorus
994 1673 1122 1750 appellat

191 1760 297 1849 Hupiav
307 1761 1021 1848 Xiqiov.’HrdpuioqMercabantuqimperiecto.ea
1035 1789 1122 1849 quam

194 1866 223 1924 in
236 1864 303 1925 Fab.
316 1865 407 1925 XXVI
418 1864 575 1923 memoravi
587 1864 795 1944 significatione
809 1866 921 1943 posito,
936 1866 1122 1937 Licebantur,

193 1963 306 2032 Dicitur
320 1964 377 2020 eti
396 1958 443 2040 μέν
467 1965 528 2021 ..ὁ
549 1959 591 2033 δέ,
608 1975 638 2021 et
656 1960 683 2032 ὃς
703 1961 807 2042 μέν...
835 1959 863 2030 ὃς
879 1962 958 2023 δέ...
983 1965 1123 2027 Mercurii

193 2060 275 2137 signa
298 2059 329 2117 in
345 2058 470 2117 officinis
491 2078 609 2139 quoque
627 2058 761 2118 dedicata
775 2071 874 2133 eruut,
890 2060 969 2119 haud
988 2061 1080 2123 dubie
1092 2076 1124 2127 ut

194 2154 329 2240 Κερδῴου,
349 2156 434 2217 Lucri
456 2155 574 2215 datoris.
591 2153 749 2235 Xircrasis
763 2156 929 2223 vocumuui
950 2161 973 2218 ὁ.
988 2160 1059 2221 Post
1075 2161 1124 2223 uix

193 2253 351 2339 ἐπεπράκει,
369 2257 434 2316 Non
449 2254 637 2332 vendiderat,
651 2254 809 2313 desiderari
828 2253 942 2313 videtur
956 2254 1124 2334 hujusmodi

194 2353 321 2434 aliquid,
348 2357 470 2411 Erillus
483 2355 595 2412 dimisit.
613 2353 661 2420 Εἷς
683 2351 726 2411 τὸν
750 2348 841 2435 ὄρθρον
860 2350 1042 2432 jungendum
1057 2374 1125 2416 cum

196 2449 363 2529 συνθέμενος,
389 2452 494 2509 Pactus
519 2451 589 2528 ipsis
614 2452 808 2528 inposterum
840 2469 932 2508 mane.
956 2453 1038 2512 Notae
1058 2466 1126 2514 sunt

195 2550 291 2609 Portae
307 2552 501 2620 somniorum,
527 2548 564 2607 de
589 2547 697 2631 quibus
718 2550 860 2607 Humerus
880 2548 984 2626 Odyss.
1005 2552 1041 2623 Τ,
1067 2552 1125 2611 56ν

195 2666 285 2724 seqq,
299 2646 434 2723 Virgilius
446 2644 555 2704 AEueid.
567 2647 621 2718 Vi,
637 2647 694 2721 893
713 2665 793 2723 seqq.
810 2643 1038 2721 Ταλαντεύεσθαι,
1052 2650 1128 2708 Tru·

196 2743 306 2816 iinari,
329 2742 513 2821 Ponderure3
535 2741 623 2814 hinc,
652 2744 816 2800 Decernere
846 2741 884 2800 de
913 2744 1010 2821 aliqua
1036 2765 1068 2805 re
1094 2760 1128 2809 ut

196 2840 338 2907 arbitrum
362 2852 413 2898 aut
430 2838 640 2898 aestimatorem.
668 2840 760 2899 Ποιεῖν
785 2835 845 2896 τινά
871 2860 912 2913 τι,
932 2861 961 2898 ν.
985 2843 1126 2903 Buruoui.

198 2947 214 3015 5
237 2938 304 3010 342.
328 2937 428 3020 Νεκρὸν
450 2935 468 3011 ἢ
487 2936 545 2997 θεόν
567 2958 621 3016 pro
644 2938 831 3016 appositione
852 2952 920 2999 suut
943 2942 1055 3000 voculae
1080 2940 1128 3006 ir:

198 3040 295 3101 Unum
318 3039 413 3112 enim,
427 3050 479 3098 aut
494 3049 641 3096 mortuum
663 3037 825 3112 homiuem,
844 3052 895 3099 aut
920 3039 1023 3113 deum,
1037 3052 1068 3099 tu
1091 3040 1128 3103 de

201 3157 247 3198 me
262 3137 358 3197 iacies.

513 3365 683 3434 FABULA
707 3366 813 3435 XXX.

241 3568 379 3608 uusruuu
395 3522 432 3607 ur
445 3568 552 3609 anuas.
571 3548 654 3608 cons.
670 3550 765 3626 AEsop.
778 3546 845 3608 rab.
858 3557 925 3622 uqa,
937 3571 965 3629 p.
987 3549 1052 3628 159,
1063 3549 1131 3609 382.
