2532 4318
197 307 235 374 38
545 307 735 370 EXPLICAT
737 309 775 370 10

237 431 269 501 8,
287 449 314 505 9.
339 428 425 486 Cbria
439 431 564 484 moralis.
587 428 660 486 Nota
677 426 808 485 ordinem
830 424 1037 485 vocabulorum
1061 425 1125 485 exi·

197 528 252 587 mie
266 545 389 606 graecum
406 522 450 584 τὸν
463 522 538 591 αὐτὸς
553 526 631 583 αὑτοῦ
645 544 699 603 pro
712 522 788 589 αὐτὸς
803 519 846 581 τὸν
862 524 950 583 αὑτοῦ.

512 755 685 822 FABULA
717 756 802 823 Lvr.

195 1002 197 1009 ’
236 976 386 1038 Murcum
406 999 503 1036 mrum
521 972 695 1041 zr'Aurous.
714 978 797 1037 Cous.
812 978 906 1056 AEsop.
921 977 990 1039 rab.
1005 981 1071 1049 403.

236 1077 369 1136 V.1-11.
391 1082 552 1136 Mercurius
572 1082 779 1135 mendaciorum
804 1082 986 1155 dolorumque
1003 1084 1123 1156 plenam

194 1176 315 1233 rhedam
336 1179 377 1231 ad
394 1196 491 1236 omues
499 1180 617 1253 papulas
630 1178 744 1252 agebar,
759 1182 855 1252 cuique
869 1176 992 1234 trr'bueus
1004 1181 1123 1254 aliquid.

195 1279 233 1334 Iu
251 1275 379 1333 Arabum
401 1283 513 1351 regione
515 1276 614 1348 fracta
628 1279 716 1335 rheda
737 1275 875 1333 substitit.-
889 1282 938 1351 qui
950 1284 1045 1334 omnia
1056 1299 1123 1352 quoe

195 1381 225 1432 iu
244 1395 279 1432 ea
295 1375 443 1433 restabant
460 1379 641 1452 expilaruut,
662 1397 752 1451 aeque
766 1377 933 1432 dimiserunt
946 1369 988 1432 ad
999 1381 1125 1453 reliquos

195 1473 322 1531 bomiaes
340 1475 509 1534 vehendam
531 1476 638 1533 Omnes
658 1474 753 1532 sciunt
770 1473 946 1534 Mercurium
964 1463 1009 1532 τὸν
1037 1471 1124 1534 iubeor

196 1568 327 1629 habitum
347 1591 409 1630 esse
433 1572 650 1629 mendaciorum
663 1586 691 1629 et
704 1566 873 1629 asturiarum
886 1583 998 1648 putrem
1018 1585 1124 1650 potro-

195 1687 342 1745 numque,
357 1669 406 1725 tari
418 1667 537 1744 ingenio
550 1681 665 1739 natum,
678 1681 711 1725 ut
730 1667 827 1745 lepide
839 1680 937 1727 narrat
951 1662 1123 1730 Homericus

195 1765 319 1843 hymnus
337 1766 373 1832 εἷς
388 1764 503 1846 Ἑρμῆν.
521 1766 634 1843 Σχεδίην
655 1766 825 1825 adverbium
840 1765 956 1844 jam'est
968 1768 1046 1845 apud
1062 1770 1124 1828 Ho-

196 1883 306 1922 merum
320 1862 483 1939 significans
503 1864 661 1922 Cominus:
680 1864 730 1922 sed
744 1864 800 1922 hoc
813 1864 878 1922 loco
890 1865 974 1922 ulium
992 1864 1081 1924 habet
1094 1881 1124 1925 et

195 1982 301 2021 novem
321 1975 353 2020 ut
367 1961 482 2020 videtur
499 1964 664 2042 notionem,
686 1984 773 2042 quam
792 1960 834 2021 sie
852 1963 1027 2041 explicatill.
1041 1965 1124 2023 Bois-

194 2059 349 2119 sonodius:
371 2061 576 2136 «Hesychius:
603 2058 721 2141 σχεδίη·’
738 2059 879 2141 συνάφεια,
903 2058 1036 2119 κοινωνία.
1058 2062 1123 2120 Erit

194 2155 302 2236 σχεδίην
312 2176 374 2234 'pro
387 2154 456 2215 κατὰ
473 2156 592 2238 σχεδίην,
607 2157 674 2231 κατὰ
696 2156 847 2239 σννάφειιιν,
866 2159 992 2216 ordine.»
1009 2154 1123 2237 Ἔμπο-

195 2276 253 2337 ρσς,
270 2275 337 2313 nam
352 2254 516 2334 Ἰἰμπσλαῖος
530 2257 615 2315 etiam
631 2270 673 2314 est
687 2255 867 2325 Mercurius,
887 2250 1121 2332 Negotiationum

195 2374 316 2432 preses,
330 2355 441 2412 comico
457 2376 542 2414 servo
554 2354 755 2433 παλιγκάπηλος
770 2353 950 2414 ἀίσῑιιν.’οιἰδ’
962 2352 1075 2434 ἀφῆκεν.
1088 2401 1095 2414 .
1110 2399 1117 2411 .

194 2463 272 2517 recte
294 2452 382 2509 vertit
402 2452 529 2511 Gallicus
553 2454 711 2531 interpres,
728 2465 755 2509 et
775 2472 811 2509 ae
836 2453 877 2507 lui
896 2457 1054 2527 permiram
1066 2472 1124 2529 pas

193 2549 298 2605 d’aller
307 2550 376 2622 plur
390 2550 464 2625 loia,
481 2555 582 2626 quoiqu
588 2553 618 2605 ’il
623 2570 648 2623 y
658 2554 706 2607 eut
721 2548 783 2606 bieu
797 2551 921 2606 d’autres
933 2547 1068 2605 bommes.

231 2651 342 2710 ιια·ι4.
363 2647 454 2715 Hinc,
477 2652 569 2721 iuquit
585 2646 721 2716 Rubrius,
737 2646 844 2704 Arabes
866 2659 948 2715 suut,
970 2647 1046 2722 quod
1063 2648 1123 2723 ipse

191 2761 253 2798 sum
269 2755 417 2816 expertus,
433 2744 582 2799 mendaces
597 2756 628 2799 et
639 2748 807 2818 impostores.

508 2961 677 3031 rorum
700 2964 805 3032 Lvlr.

231 3151 314 3212 Jovrs
330 3170 452 3208 nomeu.
472 3152 556 3212 Conf.
569 3152 663 3229 AEsop.
684 3151 753 3213 rab.
768 3152 835 3211 360.
849 3184 887 3196 -
897 3155 1029 3228 luppiter
1047 3153 1120 3211 bona

191 3256 290 3306 omnia
313 3256 341 3306 ia
357 3263 450 3325 operto
470 3252 542 3307 dolia
567 3254 684 3307 collecta
707 3253 787 3327 apud
804 3251 944 3307 bominem
969 3253 1120 3313 collocarit.

189 3349 334 3422 Impoteus
346 3352 390 3403 sui
399 3347 479 3402 bomo
492 3349 594 3404 dolium
610 3353 704 3422 aperie
715 3369 725 3402 .·
738 3351 812 3404 illico
828 3346 917 3417 bona,
936 3351 1012 3404 uude
1029 3367 1119 3404 veae·

191 3457 277 3516 rcmt,
292 3449 321 3501 iu
344 3448 444 3501 coelum
468 3448 597 3514 auolant,
619 3458 730 3520 prceter
747 3445 832 3520 Spem
853 3447 971 3521 reposito
990 3449 1121 3521 operculo

190 3554 355 3618 correptam.
380 3547 428 3600 Ita
450 3546 511 3600 sola
529 3544 594 3599 baec
615 3545 693 3600 iuter
710 3544 836 3599 homiues
855 3545 976 3613 maurit,
994 3541 1120 3619 fugitiva

194 3635 265 3695 bona
281 3659 311 3696 so
326 3641 500 3698 recitaturum
514 3643 663 3716 spondeas.
679 3639 765 3700 Κάκεῖ
780 3635 835 3718 (καὶ
849 3639 915 3717 ἐκεῖ)
928 3658 983 3717 pro
998 3639 1119 3714 κάκεῖσε,

17 4004 512 4282 mm
