<?xml version="1.0" encoding="UTF-8"?>
<!DOCTYPE html PUBLIC "-//W3C//DTD XHTML 1.0 Transitional//EN"
    "http://www.w3.org/TR/xhtml1/DTD/xhtml1-transitional.dtd">
<html xmlns="http://www.w3.org/1999/xhtml" xml:lang="en" lang="en">
 <head>
  <title>
</title>
<meta http-equiv="Content-Type" content="text/html;charset=utf-8" />
  <meta name='ocr-system' content='tesseract 3.04.00' />
  <meta name='ocr-capabilities' content='ocr_page ocr_carea ocr_par ocr_line ocrx_word'/>
</head>
<body>
  <div class='ocr_page' id='page_1' title='image "./brevisexplicati00boisgoog_0093.png"; bbox 0 0 2532 4318; ppageno 0'>
   <div class='ocr_carea' id='block_1_1' title="bbox 231 253 808 332">
    <p class='ocr_par' dir='ltr' id='par_1_1' title="bbox 231 253 808 332">
     <span class='ocr_line' id='line_1_1' title="bbox 231 253 808 332; baseline -0.003 -17"><span class='ocrx_word' id='word_1_1' title='bbox 231 259 268 332; x_wconf 72' lang='lat'><strong>7⁶</strong></span> <span class='ocrx_word' id='word_1_2' title='bbox 578 253 808 313; x_wconf 79' lang='lat' dir='ltr'><strong>nnnncmro</strong></span> 
     </span>
    </p>
   </div>
   <div class='ocr_carea' id='block_1_2' title="bbox 229 367 1161 839">
    <p class='ocr_par' dir='ltr' id='par_1_2' title="bbox 229 367 1161 839">
     <span class='ocr_line' id='line_1_2' title="bbox 230 367 1157 449; baseline -0.008 -17"><span class='ocrx_word' id='word_1_3' title='bbox 230 393 300 444; x_wconf 79' lang='lat' dir='ltr'><strong>rem,</strong></span> <span class='ocrx_word' id='word_1_4' title='bbox 314 374 340 428; x_wconf 82' lang='lat' dir='ltr'><strong>&#39;o</strong></span> <span class='ocrx_word' id='word_1_5' title='bbox 355 390 409 449; x_wconf 80' lang='lat' dir='ltr'><strong>quo</strong></span> <span class='ocrx_word' id='word_1_6' title='bbox 430 389 538 429; x_wconf 79' lang='lat' dir='ltr'><strong>mortus</strong></span> <span class='ocrx_word' id='word_1_7' title='bbox 557 384 636 441; x_wconf 83' lang='lat' dir='ltr'><strong>erat,</strong></span> <span class='ocrx_word' id='word_1_8' title='bbox 650 375 834 445; x_wconf 81' lang='lat' dir='ltr'><em>persequitur</em></span> <span class='ocrx_word' id='word_1_9' title='bbox 845 367 979 440; x_wconf 60' lang='lat' dir='ltr'><strong>frustras</strong></span> <span class='ocrx_word' id='word_1_10' title='bbox 1000 368 1040 425; x_wconf 82' lang='lat' dir='ltr'><strong>ab</strong></span> <span class='ocrx_word' id='word_1_11' title='bbox 1059 370 1157 425; x_wconf 79' lang='lat' dir='ltr'><strong>eadem</strong></span> 
     </span>
     <span class='ocr_line' id='line_1_3' title="bbox 230 468 1159 549; baseline -0.004 -23"><span class='ocrx_word' id='word_1_12' title='bbox 230 472 372 526; x_wconf 87' lang='lat' dir='ltr'><strong>mordetur</strong></span> <span class='ocrx_word' id='word_1_13' title='bbox 390 470 499 534; x_wconf 81' lang='lat' dir='ltr'><strong>iterum,</strong></span> <span class='ocrx_word' id='word_1_14' title='bbox 516 480 545 523; x_wconf 87' lang='lat' dir='ltr'><strong>et</strong></span> <span class='ocrx_word' id='word_1_15' title='bbox 563 469 600 523; x_wconf 85' lang='lat' dir='ltr'><strong>de</strong></span> <span class='ocrx_word' id='word_1_16' title='bbox 618 472 723 525; x_wconf 84' lang='lat' dir='ltr'><strong>ultione</strong></span> <span class='ocrx_word' id='word_1_17' title='bbox 742 468 898 543; x_wconf 82' lang='lat' dir='ltr'><strong>desperans</strong></span> <span class='ocrx_word' id='word_1_18' title='bbox 911 468 1009 523; x_wconf 82' lang='lat' dir='ltr'><strong>audit:</strong></span> <span class='ocrx_word' id='word_1_19' title='bbox 1031 469 1159 549; x_wconf 76' lang='lat' dir='ltr'><strong>Magnus</strong></span> 
     </span>
     <span class='ocr_line' id='line_1_4' title="bbox 229 566 1161 647; baseline -0.004 -23"><span class='ocrx_word' id='word_1_20' title='bbox 229 587 284 623; x_wconf 82' lang='lat' dir='ltr'><strong>non</strong></span> <span class='ocrx_word' id='word_1_21' title='bbox 299 586 410 642; x_wconf 83' lang='lat' dir='ltr'><em>semper</em></span> <span class='ocrx_word' id='word_1_22' title='bbox 425 579 586 640; x_wconf 69' lang='lat' dir='ltr'><strong>eupoleos,</strong></span> <span class='ocrx_word' id='word_1_23' title='bbox 601 566 825 647; x_wconf 82' lang='lat' dir='ltr'><strong>quandoquidem</strong></span> <span class='ocrx_word' id='word_1_24' title='bbox 842 569 968 641; x_wconf 75' lang='lat' dir='ltr'><strong>parvitas</strong></span> <span class='ocrx_word' id='word_1_25' title='bbox 990 584 1098 640; x_wconf 80' lang='lat' dir='ltr'><strong>quoque</strong></span> <span class='ocrx_word' id='word_1_26' title='bbox 1116 578 1161 621; x_wconf 86' lang='lat' dir='ltr'><strong>est</strong></span> 
     </span>
     <span class='ocr_line' id='line_1_5' title="bbox 230 660 1157 738; baseline -0.002 -17"><span class='ocrx_word' id='word_1_27' title='bbox 230 664 279 721; x_wconf 83' lang='lat' dir='ltr'><strong>ubi</strong></span> <span class='ocrx_word' id='word_1_28' title='bbox 296 669 403 721; x_wconf 79' lang='lat' dir='ltr'><strong>uolent.</strong></span> <span class='ocrx_word' id='word_1_29' title='bbox 415 660 504 736; x_wconf 81' lang='grc' dir='ltr'>Ὀπή,</span> <span class='ocrx_word' id='word_1_30' title='bbox 526 663 547 720; x_wconf 85' lang='lat' dir='ltr'>F</span> <span class='ocrx_word' id='word_1_31' title='bbox 549 681 666 720; x_wconf 86' lang='lat' dir='ltr'><strong>oramen</strong></span> <span class='ocrx_word' id='word_1_32' title='bbox 684 680 830 735; x_wconf 83' lang='lat' dir='ltr'><strong>eavemae,</strong></span> <span class='ocrx_word' id='word_1_33' title='bbox 856 673 888 718; x_wconf 93' lang='lat' dir='ltr'><strong>ut</strong></span> <span class='ocrx_word' id='word_1_34' title='bbox 901 660 969 721; x_wconf 81' lang='lat' dir='ltr'><strong>Feb.</strong></span> <span class='ocrx_word' id='word_1_35' title='bbox 985 662 1085 735; x_wconf 87' lang='lat' dir='ltr'>XXX,</span> <span class='ocrx_word' id='word_1_36' title='bbox 1110 681 1157 738; x_wconf 87' lang='lat'><strong>19.</strong></span> 
     </span>
     <span class='ocr_line' id='line_1_6' title="bbox 230 758 598 839; baseline -0.011 -18"><span class='ocrx_word' id='word_1_37' title='bbox 230 758 330 836; x_wconf 83' lang='grc' dir='ltr'>Ὅπου,</span> <span class='ocrx_word' id='word_1_38' title='bbox 346 759 598 839; x_wconf 81' lang='lat' dir='ltr'><strong>Quandoquidem.</strong></span> 
     </span>
    </p>
   </div>
   <div class='ocr_carea' id='block_1_3' title="bbox 541 968 840 1057">
    <p class='ocr_par' dir='ltr' id='par_1_3' title="bbox 541 968 840 1057">
     <span class='ocr_line' id='line_1_7' title="bbox 541 968 840 1057; baseline -0.007 -22"><span class='ocrx_word' id='word_1_39' title='bbox 541 968 710 1035; x_wconf 75' lang='lat' dir='ltr'><strong>nanum</strong></span> <span class='ocrx_word' id='word_1_40' title='bbox 733 968 840 1057; x_wconf 77' lang='lat' dir='ltr'><strong>exn.</strong></span> 
     </span>
    </p>
   </div>
   <div class='ocr_carea' id='block_1_4' title="bbox 270 1149 1252 1229">
    <p class='ocr_par' dir='ltr' id='par_1_4' title="bbox 270 1149 1252 1229">
     <span class='ocr_line' id='line_1_8' title="bbox 270 1149 1252 1229; baseline -0.004 -18"><span class='ocrx_word' id='word_1_41' title='bbox 270 1172 370 1211; x_wconf 77' lang='lat' dir='ltr'><strong>omnio</strong></span> <span class='ocrx_word' id='word_1_42' title='bbox 403 1173 440 1209; x_wconf 85' lang='lat' dir='ltr'><strong>nr</strong></span> <span class='ocrx_word' id='word_1_43' title='bbox 469 1172 562 1211; x_wconf 76' lang='lat' dir='ltr'><strong>etms.</strong></span> <span class='ocrx_word' id='word_1_44' title='bbox 589 1151 671 1212; x_wconf 82' lang='lat' dir='ltr'><strong>Conf.</strong></span> <span class='ocrx_word' id='word_1_45' title='bbox 696 1152 793 1229; x_wconf 84' lang='lat' dir='ltr'><strong>AEsop.</strong></span> <span class='ocrx_word' id='word_1_46' title='bbox 812 1149 881 1211; x_wconf 81' lang='lat' dir='ltr'><strong>Feb.</strong></span> <span class='ocrx_word' id='word_1_47' title='bbox 909 1171 976 1224; x_wconf 78' lang='lat'><strong>271.</strong></span> <span class='ocrx_word' id='word_1_48' title='bbox 998 1184 1040 1197; x_wconf 86' lang='lat'>-</span> <span class='ocrx_word' id='word_1_49' title='bbox 1066 1154 1159 1229; x_wconf 78' lang='lat' dir='ltr'><strong>Opilio</strong></span> <span class='ocrx_word' id='word_1_50' title='bbox 1251 1150 1252 1207; x_wconf 46' lang='lat' dir='ltr'><strong>V</strong></span> 
     </span>
    </p>
   </div>
   <div class='ocr_carea' id='block_1_5' title="bbox 139 1247 1162 1333">
    <p class='ocr_par' dir='ltr' id='par_1_5' title="bbox 139 1247 1162 1333">
     <span class='ocr_line' id='line_1_9' title="bbox 139 1247 1162 1333; baseline 0.001 -27"><span class='ocrx_word' id='word_1_51' title='bbox 139 1326 143 1333; x_wconf 13' lang='grc' dir='ltr'><strong>ἡ</strong></span> <span class='ocrx_word' id='word_1_52' title='bbox 229 1270 345 1326; x_wconf 85' lang='lat' dir='ltr'><strong>vespere</strong></span> <span class='ocrx_word' id='word_1_53' title='bbox 360 1270 422 1306; x_wconf 87' lang='lat' dir='ltr'><strong>cum</strong></span> <span class='ocrx_word' id='word_1_54' title='bbox 437 1255 608 1327; x_wconf 80' lang='lat' dir='ltr'><strong>congregatis</strong></span> <span class='ocrx_word' id='word_1_55' title='bbox 621 1247 713 1305; x_wconf 73' lang='lat' dir='ltr'><strong>ombus</strong></span> <span class='ocrx_word' id='word_1_56' title='bbox 729 1253 884 1305; x_wconf 80' lang='lat' dir='ltr'><strong>inclusores</strong></span> <span class='ocrx_word' id='word_1_57' title='bbox 899 1253 1087 1327; x_wconf 74' lang='lat' dir='ltr'><strong>morlupum,</strong></span> <span class='ocrx_word' id='word_1_58' title='bbox 1110 1253 1162 1306; x_wconf 82' lang='lat' dir='ltr'><strong>red</strong></span> 
     </span>
    </p>
   </div>
   <div class='ocr_carea' id='block_1_6' title="bbox 229 1345 1163 2010">
    <p class='ocr_par' dir='ltr' id='par_1_6' title="bbox 229 1345 1163 2010">
     <span class='ocr_line' id='line_1_10' title="bbox 229 1345 1162 1427; baseline 0.002 -24"><span class='ocrx_word' id='word_1_59' title='bbox 229 1350 264 1404; x_wconf 85' lang='lat' dir='ltr'><strong>de</strong></span> <span class='ocrx_word' id='word_1_60' title='bbox 276 1367 369 1403; x_wconf 87' lang='lat' dir='ltr'><strong>errore</strong></span> <span class='ocrx_word' id='word_1_61' title='bbox 381 1360 510 1403; x_wconf 84' lang='lat' dir='ltr'><strong>monetur</strong></span> <span class='ocrx_word' id='word_1_62' title='bbox 523 1368 543 1402; x_wconf 81' lang='lat' dir='ltr'><strong><em>a</em></strong></span> <span class='ocrx_word' id='word_1_63' title='bbox 563 1366 641 1402; x_wconf 82' lang='lat' dir='ltr'><strong>carre.</strong></span> <span class='ocrx_word' id='word_1_64' title='bbox 661 1345 918 1423; x_wconf 62' lang='grc' dir='ltr'>ΔειλῆςΝοερεοε,</span> <span class='ocrx_word' id='word_1_65' title='bbox 934 1359 965 1403; x_wconf 92' lang='lat' dir='ltr'><strong>ut</strong></span> <span class='ocrx_word' id='word_1_66' title='bbox 975 1345 1089 1427; x_wconf 78' lang='grc' dir='ltr'>ἑσπέρης</span> <span class='ocrx_word' id='word_1_67' title='bbox 1106 1347 1162 1405; x_wconf 92' lang='lat' dir='ltr'><strong>ini·</strong></span> 
     </span>
     <span class='ocr_line' id='line_1_11' title="bbox 231 1441 1160 1522; baseline 0.001 -21"><span class='ocrx_word' id='word_1_68' title='bbox 231 1445 271 1502; x_wconf 93' lang='lat' dir='ltr'><strong>tio</strong></span> <span class='ocrx_word' id='word_1_69' title='bbox 289 1443 403 1504; x_wconf 83' lang='lat' dir='ltr'><strong>Fabulae</strong></span> <span class='ocrx_word' id='word_1_70' title='bbox 422 1443 578 1522; x_wconf 87' lang='lat' dir='ltr'><strong>sequentis.</strong></span> <span class='ocrx_word' id='word_1_71' title='bbox 594 1441 699 1514; x_wconf 82' lang='grc' dir='ltr'>Κνηκός</span> <span class='ocrx_word' id='word_1_72' title='bbox 717 1443 836 1521; x_wconf 86' lang='lat' dir='ltr'><strong>proprie</strong></span> <span class='ocrx_word' id='word_1_73' title='bbox 851 1443 960 1501; x_wconf 89' lang='lat' dir='ltr'><strong>dicitur</strong></span> <span class='ocrx_word' id='word_1_74' title='bbox 974 1444 1032 1513; x_wconf 86' lang='lat' dir='ltr'><strong>Qui</strong></span> <span class='ocrx_word' id='word_1_75' title='bbox 1050 1456 1094 1501; x_wconf 86' lang='lat' dir='ltr'><strong>est</strong></span> <span class='ocrx_word' id='word_1_76' title='bbox 1108 1464 1160 1503; x_wconf 83' lang='lat' dir='ltr'><strong>eo-</strong></span> 
     </span>
     <span class='ocr_line' id='line_1_12' title="bbox 230 1538 1161 1618; baseline 0 -19"><span class='ocrx_word' id='word_1_77' title='bbox 230 1543 292 1599; x_wconf 87' lang='lat' dir='ltr'><strong>lore</strong></span> <span class='ocrx_word' id='word_1_78' title='bbox 309 1542 395 1599; x_wconf 56' lang='lat' dir='ltr'><strong>floris&gt;</strong></span> <span class='ocrx_word' id='word_1_79' title='bbox 419 1545 465 1613; x_wconf 81' lang='grc' dir='ltr'><strong>τῆς</strong></span> <span class='ocrx_word' id='word_1_80' title='bbox 492 1538 609 1612; x_wconf 60' lang='lat' dir='ltr'><strong>aviron,</strong></span> <span class='ocrx_word' id='word_1_81' title='bbox 636 1542 674 1597; x_wconf 85' lang='lat' dir='ltr'><strong>du</strong></span> <span class='ocrx_word' id='word_1_82' title='bbox 694 1540 803 1613; x_wconf 75' lang='lat' dir='ltr'><strong>eufron,</strong></span> <span class='ocrx_word' id='word_1_83' title='bbox 820 1542 919 1618; x_wconf 86' lang='lat' dir='ltr'><strong>itaque</strong></span> <span class='ocrx_word' id='word_1_84' title='bbox 939 1541 1045 1600; x_wconf 85' lang='lat' dir='ltr'><strong>Fulvus</strong></span> <span class='ocrx_word' id='word_1_85' title='bbox 1067 1560 1075 1601; x_wconf 90' lang='lat'>:</span> <span class='ocrx_word' id='word_1_86' title='bbox 1101 1560 1161 1618; x_wconf 79' lang='lat' dir='ltr'><strong>qua</strong></span> 
     </span>
     <span class='ocr_line' id='line_1_13' title="bbox 229 1623 1160 1717; baseline -0.004 -18"><span class='ocrx_word' id='word_1_87' title='bbox 229 1623 562 1717; x_wconf 79' lang='lat' dir='ltr'><strong>significationedioitnr</strong></span> <span class='ocrx_word' id='word_1_88' title='bbox 577 1637 613 1695; x_wconf 92' lang='lat' dir='ltr'><strong>de</strong></span> <span class='ocrx_word' id='word_1_89' title='bbox 631 1636 782 1708; x_wconf 85' lang='lat' dir='ltr'><strong>leonibus,</strong></span> <span class='ocrx_word' id='word_1_90' title='bbox 801 1638 901 1714; x_wconf 90' lang='lat' dir='ltr'><strong>equis,</strong></span> <span class='ocrx_word' id='word_1_91' title='bbox 918 1637 1038 1714; x_wconf 87' lang='lat' dir='ltr'><strong>aquilis,</strong></span> <span class='ocrx_word' id='word_1_92' title='bbox 1060 1637 1160 1715; x_wconf 77' lang='lat' dir='ltr'><strong>expli-</strong></span> 
     </span>
     <span class='ocr_line' id='line_1_14' title="bbox 232 1733 1162 1816; baseline 0 -25"><span class='ocrx_word' id='word_1_93' title='bbox 232 1747 370 1813; x_wconf 82' lang='lat' dir='ltr'><strong>ceturque</strong></span> <span class='ocrx_word' id='word_1_94' title='bbox 379 1733 484 1816; x_wconf 75' lang='grc' dir='ltr'>πυῤῥός.</span> <span class='ocrx_word' id='word_1_95' title='bbox 493 1734 550 1793; x_wconf 82' lang='lat' dir='ltr'><strong>sed</strong></span> <span class='ocrx_word' id='word_1_96' title='bbox 561 1734 597 1791; x_wconf 91' lang='lat' dir='ltr'><strong>de</strong></span> <span class='ocrx_word' id='word_1_97' title='bbox 605 1733 756 1811; x_wconf 74' lang='lat' dir='ltr'><strong>pallidiore</strong></span> <span class='ocrx_word' id='word_1_98' title='bbox 764 1735 849 1791; x_wconf 85' lang='lat' dir='ltr'><strong>etiam</strong></span> <span class='ocrx_word' id='word_1_99' title='bbox 858 1734 954 1792; x_wconf 88' lang='lat' dir='ltr'><strong>colore</strong></span> <span class='ocrx_word' id='word_1_100' title='bbox 964 1733 1162 1812; x_wconf 81' lang='lat' dir='ltr'><strong>usurpabatur</strong></span> 
     </span>
     <span class='ocr_line' id='line_1_15' title="bbox 232 1831 1163 1911; baseline -0.003 -20"><span class='ocrx_word' id='word_1_101' title='bbox 232 1846 261 1891; x_wconf 90' lang='lat' dir='ltr'><strong>et</strong></span> <span class='ocrx_word' id='word_1_102' title='bbox 275 1832 426 1911; x_wconf 83' lang='lat' dir='ltr'><strong>epitheton</strong></span> <span class='ocrx_word' id='word_1_103' title='bbox 440 1846 483 1891; x_wconf 87' lang='lat' dir='ltr'><strong>est</strong></span> <span class='ocrx_word' id='word_1_104' title='bbox 498 1831 646 1891; x_wconf 82' lang='lat' dir='ltr'><strong>hircorum</strong></span> <span class='ocrx_word' id='word_1_105' title='bbox 664 1843 693 1888; x_wconf 86' lang='lat' dir='ltr'><strong>et</strong></span> <span class='ocrx_word' id='word_1_106' title='bbox 706 1831 887 1909; x_wconf 86' lang='lat' dir='ltr'><strong>luporum,a</strong></span> <span class='ocrx_word' id='word_1_107' title='bbox 905 1832 1163 1908; x_wconf 80' lang='lat' dir='ltr'><strong>grammaticisque</strong></span> 
     </span>
     <span class='ocr_line' id='line_1_16' title="bbox 232 1925 1163 2010; baseline 0.002 -23"><span class='ocrx_word' id='word_1_108' title='bbox 232 1930 393 2007; x_wconf 79' lang='lat' dir='ltr'><strong>exponitur</strong></span> <span class='ocrx_word' id='word_1_109' title='bbox 408 1925 509 2003; x_wconf 82' lang='grc' dir='ltr'>λευκός,</span> <span class='ocrx_word' id='word_1_110' title='bbox 522 1929 570 1986; x_wconf 87' lang='lat' dir='ltr'><strong>hio</strong></span> <span class='ocrx_word' id='word_1_111' title='bbox 586 1948 703 2006; x_wconf 81' lang='lat' dir='ltr'><strong>quoque</strong></span> <span class='ocrx_word' id='word_1_112' title='bbox 719 1929 908 1991; x_wconf 62' lang='lat' dir='ltr'><strong>derivationis</strong></span> <span class='ocrx_word' id='word_1_113' title='bbox 927 1928 1049 2010; x_wconf 61' lang='grc' dir='ltr'><strong>πονήσας)</strong></span> <span class='ocrx_word' id='word_1_114' title='bbox 1060 1930 1163 2008; x_wconf 86' lang='lat' dir='ltr'><strong>planta</strong></span> 
     </span>
    </p>
   </div>
   <div class='ocr_carea' id='block_1_7' title="bbox 236 2025 1194 2105">
    <p class='ocr_par' dir='ltr' id='par_1_7' title="bbox 236 2025 1194 2105">
     <span class='ocr_line' id='line_1_17' title="bbox 236 2025 1194 2105; baseline 0.001 -21"><span class='ocrx_word' id='word_1_115' title='bbox 236 2026 385 2087; x_wconf 81' lang='lat' dir='ltr'><strong>tenacibus</strong></span> <span class='ocrx_word' id='word_1_116' title='bbox 401 2040 431 2085; x_wconf 86' lang='lat' dir='ltr'><strong>et</strong></span> <span class='ocrx_word' id='word_1_117' title='bbox 453 2025 633 2101; x_wconf 67' lang='lat' dir='ltr'><strong>dicentibus,</strong></span> <span class='ocrx_word' id='word_1_118' title='bbox 648 2046 683 2084; x_wconf 82' lang='lat' dir='ltr'><strong>ea</strong></span> <span class='ocrx_word' id='word_1_119' title='bbox 702 2026 822 2087; x_wconf 81' lang='lat' dir='ltr'><strong>notione</strong></span> <span class='ocrx_word' id='word_1_120' title='bbox 837 2026 1028 2105; x_wconf 78' lang='lat' dir='ltr'><strong>cogitandum</strong></span> <span class='ocrx_word' id='word_1_121' title='bbox 1045 2045 1109 2086; x_wconf 78' lang='lat' dir='ltr'><strong>esee</strong></span> <span class='ocrx_word' id='word_1_122' title='bbox 1123 2025 1161 2085; x_wconf 87' lang='lat' dir='ltr'><strong>de</strong></span> <span class='ocrx_word' id='word_1_123' title='bbox 1189 2088 1194 2101; x_wconf 59' lang='grc'><em>,</em></span> 
     </span>
    </p>
   </div>
   <div class='ocr_carea' id='block_1_8' title="bbox 233 2124 523 2185">
    <p class='ocr_par' dir='ltr' id='par_1_8' title="bbox 233 2124 523 2185">
     <span class='ocr_line' id='line_1_18' title="bbox 233 2124 523 2185; baseline -0.003 -2"><span class='ocrx_word' id='word_1_124' title='bbox 233 2126 330 2185; x_wconf 83' lang='lat' dir='ltr'><strong>fructu</strong></span> <span class='ocrx_word' id='word_1_125' title='bbox 349 2126 429 2185; x_wconf 86' lang='lat' dir='ltr'><strong>croci</strong></span> <span class='ocrx_word' id='word_1_126' title='bbox 446 2124 523 2183; x_wconf 86' lang='lat' dir='ltr'><strong>albo.</strong></span> 
     </span>
    </p>
   </div>
   <div class='ocr_carea' id='block_1_9' title="bbox 530 2329 858 2398">
    <p class='ocr_par' dir='ltr' id='par_1_9' title="bbox 530 2329 858 2398">
     <span class='ocr_line' id='line_1_19' title="bbox 530 2329 858 2398; baseline -0.006 -2"><span class='ocrx_word' id='word_1_127' title='bbox 530 2329 707 2398; x_wconf 42' lang='lat' dir='ltr'><strong>*FABULA</strong></span> <span class='ocrx_word' id='word_1_128' title='bbox 736 2329 858 2397; x_wconf 84' lang='lat' dir='ltr'>CXIII.</span> 
     </span>
    </p>
   </div>
   <div class='ocr_carea' id='block_1_10' title="bbox 273 2507 1164 2589">
    <p class='ocr_par' dir='ltr' id='par_1_10' title="bbox 273 2507 1164 2589">
     <span class='ocr_line' id='line_1_20' title="bbox 273 2507 1164 2589; baseline -0.003 -19"><span class='ocrx_word' id='word_1_129' title='bbox 273 2533 415 2573; x_wconf 73' lang='lat' dir='ltr'><strong>nocuus.</strong></span> <span class='ocrx_word' id='word_1_130' title='bbox 437 2513 520 2572; x_wconf 83' lang='lat' dir='ltr'><strong>Conf.</strong></span> <span class='ocrx_word' id='word_1_131' title='bbox 538 2514 635 2589; x_wconf 86' lang='lat' dir='ltr'><strong>AEsop.</strong></span> <span class='ocrx_word' id='word_1_132' title='bbox 654 2511 722 2571; x_wconf 82' lang='lat' dir='ltr'><strong>Feb.</strong></span> <span class='ocrx_word' id='word_1_133' title='bbox 741 2512 808 2587; x_wconf 79' lang='lat'><strong>239.</strong></span> <span class='ocrx_word' id='word_1_134' title='bbox 832 2544 863 2556; x_wconf 90' lang='lat'><strong>-·</strong></span> <span class='ocrx_word' id='word_1_135' title='bbox 876 2514 1006 2569; x_wconf 71' lang='lat' dir='ltr'><strong>herema</strong></span> <span class='ocrx_word' id='word_1_136' title='bbox 1026 2507 1097 2566; x_wconf 84' lang='lat' dir='ltr'><strong>berre</strong></span> <span class='ocrx_word' id='word_1_137' title='bbox 1112 2530 1164 2567; x_wconf 83' lang='lat' dir='ltr'><strong>rut·</strong></span> 
     </span>
    </p>
   </div>
   <div class='ocr_carea' id='block_1_11' title="bbox 233 2606 1246 2693">
    <p class='ocr_par' dir='ltr' id='par_1_11' title="bbox 233 2606 1246 2693">
     <span class='ocr_line' id='line_1_21' title="bbox 233 2606 1246 2693; baseline -0.004 -24"><span class='ocrx_word' id='word_1_138' title='bbox 233 2617 300 2669; x_wconf 76' lang='lat' dir='ltr'><strong>trita</strong></span> <span class='ocrx_word' id='word_1_139' title='bbox 314 2617 374 2670; x_wconf 79' lang='lat' dir='ltr'><strong>oteo</strong></span> <span class='ocrx_word' id='word_1_140' title='bbox 380 2615 558 2688; x_wconf 78' lang='lat' dir='ltr'><strong>splendidius</strong></span> <span class='ocrx_word' id='word_1_141' title='bbox 572 2631 603 2669; x_wconf 84' lang='lat' dir='ltr'><strong>se</strong></span> <span class='ocrx_word' id='word_1_142' title='bbox 611 2610 742 2685; x_wconf 79' lang='lat' dir='ltr'><strong>Lucifero</strong></span> <span class='ocrx_word' id='word_1_143' title='bbox 755 2615 849 2667; x_wconf 79' lang='lat' dir='ltr'><strong>lumea</strong></span> <span class='ocrx_word' id='word_1_144' title='bbox 860 2611 970 2667; x_wconf 84' lang='lat' dir='ltr'><strong>mittere</strong></span> <span class='ocrx_word' id='word_1_145' title='bbox 978 2606 1163 2681; x_wconf 78' lang='lat' dir='ltr'><strong>gloriabatur.</strong></span> <span class='ocrx_word' id='word_1_146' title='bbox 1239 2674 1246 2693; x_wconf 31' lang='grc' dir='ltr'>γ</span> 
     </span>
    </p>
   </div>
   <div class='ocr_carea' id='block_1_12' title="bbox 232 2702 1166 2875">
    <p class='ocr_par' dir='ltr' id='par_1_12' title="bbox 232 2702 1252 2875">
     <span class='ocr_line' id='line_1_22' title="bbox 232 2702 1166 2797; baseline 0 -34"><span class='ocrx_word' id='word_1_147' title='bbox 232 2710 308 2764; x_wconf 84' lang='lat' dir='ltr'><strong>Eam</strong></span> <span class='ocrx_word' id='word_1_148' title='bbox 329 2712 465 2767; x_wconf 74' lang='lat' dir='ltr'><strong>exstinxit</strong></span> <span class='ocrx_word' id='word_1_149' title='bbox 478 2723 589 2767; x_wconf 81' lang='lat' dir='ltr'><strong>ventus.</strong></span> <span class='ocrx_word' id='word_1_150' title='bbox 608 2702 714 2765; x_wconf 74' lang='lat' dir='ltr'><strong>Rursui</strong></span> <span class='ocrx_word' id='word_1_151' title='bbox 727 2728 846 2765; x_wconf 80' lang='lat' dir='ltr'><strong>accenso</strong></span> <span class='ocrx_word' id='word_1_152' title='bbox 864 2709 966 2763; x_wconf 82' lang='lat' dir='ltr'><strong>audit:</strong></span> <span class='ocrx_word' id='word_1_153' title='bbox 980 2704 1166 2797; x_wconf 40' lang='lat' dir='ltr'><strong>Debilir&#39;erat</strong></span> 
     </span>
     <span class='ocr_line' id='line_1_23' title="bbox 235 2799 1165 2875; baseline 0.001 -13"><span class='ocrx_word' id='word_1_154' title='bbox 235 2809 360 2863; x_wconf 80' lang='lat' dir='ltr'><strong>tucemoe</strong></span> <span class='ocrx_word' id='word_1_155' title='bbox 377 2809 453 2875; x_wconf 82' lang='lat' dir='ltr'><strong>vita,</strong></span> <span class='ocrx_word' id='word_1_156' title='bbox 476 2808 527 2863; x_wconf 82' lang='lat' dir='ltr'><strong>sed</strong></span> <span class='ocrx_word' id='word_1_157' title='bbox 539 2819 678 2863; x_wconf 86' lang='lat' dir='ltr'><strong>astrorum</strong></span> <span class='ocrx_word' id='word_1_158' title='bbox 700 2808 751 2861; x_wconf 75' lang='lat' dir='ltr'><strong>lue·</strong></span> <span class='ocrx_word' id='word_1_159' title='bbox 767 2825 822 2860; x_wconf 83' lang='lat' dir='ltr'><strong>non</strong></span> <span class='ocrx_word' id='word_1_160' title='bbox 838 2807 964 2861; x_wconf 80' lang='lat' dir='ltr'><strong>moritur.</strong></span> <span class='ocrx_word' id='word_1_161' title='bbox 990 2799 1114 2875; x_wconf 78' lang='grc' dir='ltr'>Μεθύειν,</span> <span class='ocrx_word' id='word_1_162' title='bbox 1133 2814 1165 2861; x_wconf 91' lang='lat' dir='ltr'><strong>et</strong></span> 
     </span>
    </p>
   </div>
   <div class='ocr_carea' id='block_1_13' title="bbox 235 2900 1168 3671">
    <p class='ocr_par' dir='ltr' id='par_1_13' title="bbox 235 2900 1168 3671">
     <span class='ocr_line' id='line_1_24' title="bbox 235 2900 1165 2978; baseline 0 -18"><span class='ocrx_word' id='word_1_163' title='bbox 235 2903 356 2962; x_wconf 84' lang='lat' dir='ltr'><strong>latinum</strong></span> <span class='ocrx_word' id='word_1_164' title='bbox 374 2903 496 2965; x_wconf 85' lang='lat' dir='ltr'><strong>Ebrium</strong></span> <span class='ocrx_word' id='word_1_165' title='bbox 507 2922 585 2975; x_wconf 80' lang='lat' dir='ltr'><strong>esse,</strong></span> <span class='ocrx_word' id='word_1_166' title='bbox 597 2901 703 2959; x_wconf 90' lang='lat' dir='ltr'><strong>dicitnr</strong></span> <span class='ocrx_word' id='word_1_167' title='bbox 723 2902 758 2959; x_wconf 92' lang='lat' dir='ltr'><strong>de</strong></span> <span class='ocrx_word' id='word_1_168' title='bbox 779 2901 867 2960; x_wconf 90' lang='lat' dir='ltr'><strong>rebus</strong></span> <span class='ocrx_word' id='word_1_169' title='bbox 879 2920 944 2978; x_wconf 85' lang='lat' dir='ltr'><strong>quae</strong></span> <span class='ocrx_word' id='word_1_170' title='bbox 960 2900 1031 2978; x_wconf 87' lang='lat' dir='ltr'><strong>quid</strong></span> <span class='ocrx_word' id='word_1_171' title='bbox 1048 2920 1165 2960; x_wconf 81' lang='lat' dir='ltr'><strong>summa</strong></span> 
     </span>
     <span class='ocr_line' id='line_1_25' title="bbox 235 2995 1165 3079; baseline -0.001 -20"><span class='ocrx_word' id='word_1_172' title='bbox 235 3001 417 3078; x_wconf 88' lang='lat' dir='ltr'><strong>plenitudine</strong></span> <span class='ocrx_word' id='word_1_173' title='bbox 429 3013 612 3078; x_wconf 86' lang='lat' dir='ltr'><strong>aeceperunt.</strong></span> <span class='ocrx_word' id='word_1_174' title='bbox 625 2996 710 3077; x_wconf 81' lang='grc' dir='ltr'>Ηῦχει</span> <span class='ocrx_word' id='word_1_175' title='bbox 723 2997 761 3056; x_wconf 83' lang='lat' dir='ltr'><strong>ab</strong></span> <span class='ocrx_word' id='word_1_176' title='bbox 775 2995 872 3079; x_wconf 76' lang='grc' dir='ltr'>αὖγέω.</span> <span class='ocrx_word' id='word_1_177' title='bbox 888 2996 1026 3079; x_wconf 76' lang='grc' dir='ltr'>Κρείσσων</span> <span class='ocrx_word' id='word_1_178' title='bbox 1038 2997 1165 3074; x_wconf 61' lang='grc' dir='ltr'><strong>λάμπον,</strong></span> 
     </span>
     <span class='ocr_line' id='line_1_26' title="bbox 237 3092 1165 3179; baseline -0.002 -23"><span class='ocrx_word' id='word_1_179' title='bbox 237 3099 374 3157; x_wconf 73' lang='grc' dir='ltr'><strong>σεοίΙὶσοῑ</strong></span> <span class='ocrx_word' id='word_1_180' title='bbox 400 3096 528 3179; x_wconf 83' lang='grc' dir='ltr'>κρείσσων</span> <span class='ocrx_word' id='word_1_181' title='bbox 548 3092 611 3178; x_wconf 73' lang='grc' dir='ltr'>πρὸς</span> <span class='ocrx_word' id='word_1_182' title='bbox 633 3094 664 3155; x_wconf 76' lang='grc' dir='ltr'><strong>τὸ</strong></span> <span class='ocrx_word' id='word_1_183' title='bbox 690 3093 814 3175; x_wconf 80' lang='grc' dir='ltr'>λάμπειν.</span> <span class='ocrx_word' id='word_1_184' title='bbox 844 3100 937 3173; x_wconf 74' lang='lat' dir='ltr'><strong>Atque</strong></span> <span class='ocrx_word' id='word_1_185' title='bbox 964 3096 1022 3153; x_wconf 85' lang='lat' dir='ltr'><strong>erit</strong></span> <span class='ocrx_word' id='word_1_186' title='bbox 1045 3092 1165 3173; x_wconf 81' lang='grc' dir='ltr'>λάμπειν</span> 
     </span>
     <span class='ocr_line' id='line_1_27' title="bbox 238 3192 1166 3270; baseline -0.001 -19"><span class='ocrx_word' id='word_1_187' title='bbox 238 3196 385 3254; x_wconf 83' lang='lat' dir='ltr'><strong>transitive</strong></span> <span class='ocrx_word' id='word_1_188' title='bbox 401 3196 583 3254; x_wconf 87' lang='lat' dir='ltr'><strong>sumendum.</strong></span> <span class='ocrx_word' id='word_1_189' title='bbox 604 3192 713 3254; x_wconf 80' lang='lat' dir='ltr'><strong>Eodem</strong></span> <span class='ocrx_word' id='word_1_190' title='bbox 728 3214 814 3252; x_wconf 86' lang='lat' dir='ltr'><strong>sensu</strong></span> <span class='ocrx_word' id='word_1_191' title='bbox 826 3193 857 3252; x_wconf 90' lang='lat' dir='ltr'><strong>in</strong></span> <span class='ocrx_word' id='word_1_192' title='bbox 879 3193 1088 3270; x_wconf 79' lang='lat' dir='ltr'><strong>epIgrammate</strong></span> <span class='ocrx_word' id='word_1_193' title='bbox 1101 3194 1166 3251; x_wconf 72' lang='lat' dir='ltr'><strong>Au-</strong></span> 
     </span>
     <span class='ocr_line' id='line_1_28' title="bbox 237 3289 1164 3375; baseline 0.001 -26"><span class='ocrx_word' id='word_1_194' title='bbox 237 3294 335 3372; x_wconf 87' lang='lat' dir='ltr'><strong>tipatri</strong></span> <span class='ocrx_word' id='word_1_195' title='bbox 351 3294 475 3373; x_wconf 84' lang='lat' dir='ltr'><strong>lampas,</strong></span> <span class='ocrx_word' id='word_1_196' title='bbox 494 3291 621 3375; x_wconf 80' lang='grc' dir='ltr'>Λάμψω,</span> <span class='ocrx_word' id='word_1_197' title='bbox 637 3294 691 3365; x_wconf 88' lang='lat' dir='ltr'><strong>ait,</strong></span> <span class='ocrx_word' id='word_1_198' title='bbox 713 3290 806 3373; x_wconf 79' lang='grc' dir='ltr'>φέγγος</span> <span class='ocrx_word' id='word_1_199' title='bbox 828 3289 986 3350; x_wconf 84' lang='grc' dir='ltr'>ἀκουσίθεον.</span> <span class='ocrx_word' id='word_1_200' title='bbox 1002 3316 1015 3343; x_wconf 90' lang='lat'>»</span> <span class='ocrx_word' id='word_1_201' title='bbox 1037 3295 1164 3350; x_wconf 85' lang='lat' dir='ltr'><strong>Boissorr.</strong></span> 
     </span>
     <span class='ocr_line' id='line_1_29' title="bbox 237 3385 1166 3474; baseline -0.002 -24"><span class='ocrx_word' id='word_1_202' title='bbox 237 3389 360 3471; x_wconf 71' lang='grc' dir='ltr'>Λάμπςιν</span> <span class='ocrx_word' id='word_1_203' title='bbox 375 3390 482 3474; x_wconf 77' lang='grc' dir='ltr'>φέγγος,</span> <span class='ocrx_word' id='word_1_204' title='bbox 498 3391 609 3449; x_wconf 89' lang='lat' dir='ltr'><strong>Lumen</strong></span> <span class='ocrx_word' id='word_1_205' title='bbox 632 3390 766 3448; x_wconf 86' lang='lat' dir='ltr'><strong>emittere</strong></span> <span class='ocrx_word' id='word_1_206' title='bbox 786 3408 852 3446; x_wconf 89' lang='lat' dir='ltr'><strong>cum</strong></span> <span class='ocrx_word' id='word_1_207' title='bbox 879 3387 1043 3465; x_wconf 90' lang='lat' dir='ltr'><strong>splendore.</strong></span> <span class='ocrx_word' id='word_1_208' title='bbox 1062 3385 1166 3448; x_wconf 82' lang='grc' dir='ltr'>Ῥαπι-</span> 
     </span>
     <span class='ocr_line' id='line_1_30' title="bbox 238 3487 1167 3565; baseline 0 -19"><span class='ocrx_word' id='word_1_209' title='bbox 238 3487 319 3561; x_wconf 80' lang='grc' dir='ltr'>σθείς,</span> <span class='ocrx_word' id='word_1_210' title='bbox 328 3489 519 3562; x_wconf 78' lang='lat' dir='ltr'><strong>verberatus,</strong></span> <span class='ocrx_word' id='word_1_211' title='bbox 535 3501 566 3545; x_wconf 92' lang='lat' dir='ltr'><strong>ut</strong></span> <span class='ocrx_word' id='word_1_212' title='bbox 577 3487 682 3546; x_wconf 83' lang='lat' dir='ltr'><strong>latinus</strong></span> <span class='ocrx_word' id='word_1_213' title='bbox 695 3500 782 3565; x_wconf 85' lang='lat' dir='ltr'><strong>poeta</strong></span> <span class='ocrx_word' id='word_1_214' title='bbox 796 3487 864 3544; x_wconf 90' lang='lat' dir='ltr'><strong>item</strong></span> <span class='ocrx_word' id='word_1_215' title='bbox 876 3487 911 3544; x_wconf 89' lang='lat' dir='ltr'><strong>de</strong></span> <span class='ocrx_word' id='word_1_216' title='bbox 922 3500 1020 3559; x_wconf 89' lang='lat' dir='ltr'><strong>vento,</strong></span> <span class='ocrx_word' id='word_1_217' title='bbox 1034 3487 1167 3565; x_wconf 84' lang='lat' dir='ltr'><strong>Puppitn</strong></span> 
     </span>
     <span class='ocr_line' id='line_1_31' title="bbox 237 3583 1168 3671; baseline -0.008 -21"><span class='ocrx_word' id='word_1_218' title='bbox 237 3587 372 3650; x_wconf 81' lang='lat' dir='ltr'><strong>verberat</strong></span> <span class='ocrx_word' id='word_1_219' title='bbox 389 3588 494 3649; x_wconf 84' lang='lat' dir='ltr'><strong>Eurus.</strong></span> <span class='ocrx_word' id='word_1_220' title='bbox 507 3585 559 3647; x_wconf 80' lang='lat' dir='ltr'><strong>&#39;Ea</strong></span> <span class='ocrx_word' id='word_1_221' title='bbox 573 3583 711 3671; x_wconf 66' lang='grc' dir='ltr'>διυτξρης,</span> <span class='ocrx_word' id='word_1_222' title='bbox 726 3586 846 3659; x_wconf 85' lang='lat' dir='ltr'><strong>Denuo,</strong></span> <span class='ocrx_word' id='word_1_223' title='bbox 857 3595 890 3644; x_wconf 90' lang='lat' dir='ltr'><strong>ut</strong></span> <span class='ocrx_word' id='word_1_224' title='bbox 902 3583 1027 3645; x_wconf 85' lang='lat' dir='ltr'><strong>vidimus</strong></span> <span class='ocrx_word' id='word_1_225' title='bbox 1043 3585 1074 3644; x_wconf 72' lang='grc' dir='ltr'><strong>ἐκ</strong></span> <span class='ocrx_word' id='word_1_226' title='bbox 1091 3583 1168 3666; x_wconf 78' lang='grc' dir='ltr'>πρώ-</span> 
     </span>
    </p>
   </div>
   <div class='ocr_carea' id='block_1_14' title="bbox 0 0 1276 4318">
    <p class='ocr_par' dir='ltr' id='par_1_14' title="bbox 0 0 1276 4318">
     <span class='ocr_line' id='line_1_32' title="bbox 0 0 1276 4318; baseline 0 0"><span class='ocrx_word' id='word_1_227' title='bbox 0 0 1276 4318; x_wconf 95' lang='lat' dir='ltr'><strong> </strong></span> 
     </span>
    </p>
   </div>
  </div>
 </body>
</html>
