2532 4318
190 225 227 281 30
537 221 770 281 Exnucmo

180 345 281 416 potui,
300 340 407 414 inquit,
423 341 537 409 meiius,
551 344 650 414 quine
664 341 739 396 illud
757 341 871 414 quidem
891 340 982 398 scians
998 347 1119 415 quonia

186 437 329 495 redierim.
346 437 407 500 Πῶς
426 432 477 515 γὰρ
494 430 526 492 ἂν
549 443 681 513 κρεῖττον,
696 436 821 495 subaudi
835 435 1015 515 δειπνήσαιμι.
1033 436 1119 498 Ποίαν

187 533 310 592 subaudi
327 531 402 604 ὁδόν,
423 535 480 593 Per
500 553 585 611 quam
611 534 697 594 viam.
727 536 911 593 Constructio
925 538 930 555 '
943 536 972 593 οὔ
998 535 1120 614 γινώσκω

187 630 266 690 ποίαν
278 628 399 689 ἀναλύειν
417 654 451 710 με
464 651 501 689 ex
516 631 754 690 insolentioribus
771 644 833 692 est:
850 633 989 691 usitatum
1010 646 1054 692 est
1070 645 1120 692 ant

188 730 219 788 οὐ
231 727 353 806 γινώσκοι
370 752 404 806 με
417 727 539 787 ἀναλύειν
558 741 608 788 aut
621 732 651 788 οὐ
667 727 789 808 γινώσκω
809 728 888 788 ποίαν
901 728 1018 791 ἀνέλυον.

505 936 675 1003 FABULA
698 935 805 1004 XLII.

228 1138 339 1176 cnnvas
361 1139 399 1176 nr
421 1116 893 1196 vesss0n15.Conf.AEsop.Fab.
916 1116 979 1190 181,
1004 1137 1033 1195 p.
1053 1134 1117 1192 111,

191 1216 267 1284 3643
282 1216 438 1275 Phaedrum
455 1217 487 1287 1,
507 1234 551 1273 ια.
576 1224 578 1228 ’

225 1315 259 1373 V.
277 1313 342 1370 1-5.
351 1310 462 1370 'Genus
475 1320 503 1370 in
518 1317 582 1370 Iaca
600 1314 715 1389 limpido
737 1312 834 1370 bibens
847 1333 952 1370 cernua
965 1332 1017 1369 sua
1029 1313 1120 1369 adrni-

187 1425 275 1480 ratur,
296 1415 465 1489 ungularum
477 1396 620 1486 etpedam
638 1417 798 1468 tenuitatem
807 1416 960 1485 vituperat.

226 1510 315 1568 6-15.
336 1512 395 1568 Sed
406 1513 535 1569 Nemesis
552 1509 671 1586 superbe
688 1514 850 1587 deprimens
869 1531 931 1568 eum
953 1515 1119 1586 assequitur.

188 1610 218 1662 V
214 1593 343 1664 enatares
355 1611 533 1664 aduenientes
539 1611 646 1681 pedum
655 1610 825 1682 pernicitate
832 1628 890 1683 per
898 1627 1027 1683 campum
1039 1603 1121 1680 effu·

184 1707 235 1781 gn,
250 1711 279 1761 in
289 1709 387 1762 sileam
401 1717 494 1761 autem
510 1707 626 1761 densam
637 1707 777 1781 ingressus
787 1703 914 1761 carnibus
926 1703 1124 1777 interfrutices

188 1801 329 1878 implicitis
341 1808 459 1885 eapitur.
472 1804 524 1884 Me
538 1806 690 1859 miserum!
704 1810 811 1879 inquit:
824 1816 958 1879 qriantam
970 1803 1124 1859 errabam!

188 1897 340 1956 servabant
356 1908 401 1956 me
414 1901 505 1974 pedes
518 1919 586 1974 quus
601 1900 814 1958 contemnebam
824 1920 836 1970 ,·
846 1901 1000 1976 prodidere
1017 1917 1123 1956 cornua

188 1996 288 2071 quibus
313 1996 468 2074 gloriabar.
488 1993 575 2076 Ὁμοῦ
589 2017 656 2054 cum
679 1997 794 2071 dativo,
810 1996 893 2075 qnasi
916 1993 975 2068 σύν,
995 1996 1123 2054 vidimus

190 2114 287 2173 supra.
1107 2149 1126 2169 „

233 2192 342 2270 16-19.
368 2192 454 2249 Citria
472 2196 597 2269 moratis.
621 2185 714 2261 Μηδὲν
742 2187 851 2269 βέὸαιον
868 2188 1005 2270 ὖπολᾶὅῃς
1025 2211 1130 2271 προγιῃ

189 2287 307 2364 νώσκιον,
322 2289 422 2350 «Nihil
436 2290 526 2348 firmae
544 2288 692 2368 opinionis
709 2287 854 2364 concipias
870 2307 907 2345 ex
921 2286 1101 2366 praejudicio.
1110 2284 1127 2340 ι’

497 2493 666 2561 FABULA
693 2493 814 2561 XLlll.

233 2699 321 2737 snum
340 2699 379 2736 nn
396 2699 460 2736 nnn.
480 2678 564 2745 Conf,
583 2679 680 2754 AEsop.
706 2675 777 2735 Fab.
801 2678 876 2752 296,
891 2697 921 2754 p.
948 2679 1018 2754 193,
1036 2686 1104 2745 tos.

232 2777 265 2834 V.
286 2778 352 2834 1-6.
372 2780 440 2833 Tres
455 2781 531 2833 taceri
543 2795 600 2831 isan
608 2779 691 2850 pasci
705 2772 839 2830 sotebant.
861 2778 936 2848 Qitas
949 2795 1035 2849 quum
1053 2777 1125 2830 aelo-

192 2882 244 2933 riri
257 2895 315 2933 non
329 2878 447 2932 acceleret
463 2879 520 2945 ico,
536 2872 657 2930 subdolis
670 2871 842 2929 sermonibus
861 2875 1033 2929 inimicitiam
1052 2878 1131 2929 inter

192 2997 239 3033 eos
252 2973 426 3032 concitabat:
444 2987 500 3030 tum
510 2971 604 3056 facile
620 2976 716 3046 rapuit
731 2974 862 3048 singulos.
878 2968 1052 3052 Ἐφοδρεώοιν,
1069 2973 1126 3029 Per

193 3073 310 3132 insidias
321 3084 447 3129 tentans.

236 3193 262 3244 7,
277 3172 304 3228 8.
328 3170 415 3227 Citrio
428 3169 553 3225 moralis.

501 3374 676 3442 FABULA
703 3372 823 3440 XLIV.

239 3580 397 3620 σιιιιιιιιιν
417 3580 453 3618 ιιι
470 3580 570 3619 cirne.
588 3558 671 3619 Coni.
684 3559 780 3638 AEsop.
795 3555 862 3618 Fab.
882 3559 946 3617 150,
