2532 4318
343 231 574 292 tttsuttutut
594 231 666 304 (ΖΝ,
686 230 745 303 CV,
766 232 836 291 cvl.
1016 255 1050 307 7¹

125 350 240 425 vulpes,
252 345 291 404 ab
305 351 385 405 leone
397 348 499 404 ltilnrr's
511 366 571 403 esse
576 353 661 419 jusso
667 387 677 415 ,
697 353 822 422 queritur
830 360 859 405 et
875 351 990 406 tandem
1006 369 1052 420 se,

125 464 209 520 quum
221 450 285 501 nori
294 465 381 519 nsque
396 444 685 519 imprimeremur,
701 446 752 501 nel
766 445 904 502 hesternis
913 450 1054 520 privatum

125 548 160 599 iri
169 544 254 600 dtlrt't.
267 544 345 600 Hinc
355 544 449 599 rideres
461 546 522 609 leo,
538 544 602 599 Non
616 541 686 598 milti
703 542 770 609 linc,
783 544 886 617 inquit,
898 541 1053 619 exprobra,

124 644 180 699 sed
189 644 280 699 simio.
295 638 447 722 Δαιτρεύων
464 640 628 717 explicatur
649 638 686 697 ab
709 640 774 717 ipso
793 653 877 718 poeta
898 661 982 699 versu
1010 662 1054 699 ιι.

125 740 265 818 Sequenti
280 759 366 797 versu
382 738 447 797 dele
458 737 598 815 virgulam
611 748 677 815 post
690 730 780 811 ἦλθον,
790 739 838 796 «Si
854 741 919 816 quis
930 740 1057 798 venisset

126 858 185 896 non
203 837 241 895 de
258 838 345 895 solito
365 849 451 894 notus
473 836 643 894 sodalitio.»
666 834 815 916 Νεόδρομος
832 837 914 917 θήρη,
936 839 1056 896 Venatio

128 934 264 1013 adquam
285 955 401 1007 recens,
421 936 591 1012 nuperrime
612 935 659 992 leo
677 936 847 994 excurrerit.
868 938 927 997 Οὐκ
947 934 1007 1010 ἴοην
1020 937 1057 996 de

128 1033 267 1110 qualitate
284 1033 504 1110 intelligendum
528 1045 586 1103 est,
600 1052 660 1091 nnn
676 1033 713 1091 de
734 1034 915 1110 quantitate:
933 1034 1010 1094 hanc
1031 1037 1056 1093 si

129 1130 266 1189 voluisset
284 1144 373 1209 poeta
398 1130 542 1203 indicare,
565 1130 684 1190 dixisset
710 1130 763 1190 οὐδ’
787 1128 857 1202 ἴσην.
881 1134 1056 1213 Προοποιητοὶ

125 1228 184 1306 jam
202 1229 328 1288 vidimus
352 1230 452 1288 itidem
468 1229 678 1291 adverbialiter
703 1230 842 1307 positum.
862 1230 993 1311 Φέριστος
1011 1252 1059 1290 su·

129 1328 288 1404 perlativus
312 1347 348 1384 ex
367 1330 494 1386 Homero
518 1340 612 1385 notus.
628 1325 778 1395 Διαξαίνω,
797 1329 919 1407 proprie
940 1332 1058 1401 tardor,

129 1424 176 1483 hic
185 1426 430 1504 metaphoricum.
443 1424 586 1485 Observes
599 1444 704 1503 puram
719 1425 895 1502 grmcitotem
908 1426 937 1483 in
954 1426 1008 1486 hac
1027 1448 1058 1485 re

130 1522 279 1599 postulare
293 1520 417 1580 medinm
435 1522 572 1594 sormam,
590 1522 746 1581 excludere
758 1523 892 1580 activam.
907 1523 975 1583 Καθ’
985 1523 1057 1603 ἠμί-

130 1642 187 1699 ρην,
210 1619 359 1691 Quotidie.
382 1621 469 1679 Τοῦτο
487 1619 510 1676 δ’
524 1620 561 1684 εἰς
581 1617 638 1687 ἔθος
652 1623 752 1700 βαῖνον,
766 1621 950 1679 accusativus
970 1620 1058 1682 abso-

131 1718 208 1775 lutus
220 1737 276 1796 pro
290 1715 382 1775 τούτου
393 1718 430 1782 εἰς
446 1714 503 1782 ἔθος
521 1714 669 1795 βαίνοντας,
682 1715 767 1795 cnjus
786 1730 921 1776 constans
933 1739 1003 1777 usus
1016 1735 1059 1778 est

131 1815 158 1871 in
170 1816 270 1875 verbis
285 1830 314 1876 et
324 1816 478 1895 phrasibus
488 1816 731 1895 impersonalibus
743 1837 750 1873 :
765 1838 794 1878 v.
812 1818 981 1896 Bumonl.§
992 1821 1059 1892 370,

131 1915 180 1974 ΙΙΙ.
195 1903 281 1974 Εἶπον
295 1915 483 1994 imperativus
499 1913 537 1972 ab
552 1904 622 1971 εἶπα.

454 2119 626 2187 FABULA
651 2118 740 2187 CVl.

171 2323 228 2362 tto
248 2324 286 2360 rr
306 2323 372 2359 uns.
394 2302 478 2361 Coos.
492 2302 589 2378 AEsop.
605 2299 676 2361 Fub.
691 2319 762 2376 2¹7,
776 2320 806 2379 p.
824 2305 889 2375 rto,
910 2302 979 2375 373.

150 2403 204 2459 tv.
224 2421 289 2475 ¹·9·
310 2402 425 2457 Murem
440 2413 556 2476 ceperat
573 2403 616 2456 leo
629 2412 658 2455 et
672 2412 825 2456 voraturus
844 2414 924 2470 erat3
945 2404 998 2458 scd
1012 2404 1062 2459 ille

132 2520 189 2557 rrort
197 2502 313 2576 dignam
323 2503 405 2555 leone
414 2500 490 2553 hanc
499 2517 593 2553 escnm
603 2496 753 2554 observaris
764 2510 797 2553 ut
804 2498 965 2556 dimittatur
971 2503 1061 2575 petit:

129 2603 254 2675 gmu'nnr
268 2618 300 2652 se
320 2616 379 2653 esse
398 2601 472 2652 tanti
496 2592 626 2669 beneficii
642 2598 808 2653 relaturum.
827 2599 885 2653 Leo
902 2600 997 2655 rr'rleru
1015 2600 1064 2655 ‹ti-

132 2701 226 2753 mittit.
251 2690 336 2773 Klo'rl
352 2706 395 2751 cst
421 2692 478 2750 alia
497 2692 589 2749 lorma
613 2691 692 2749 vocis
719 2687 844 2763 κλέπτης.
867 2692 1000 2776 Οἰκότριψ
1024 2693 1062 2752 de

133 2794 229 2853 vernis
244 2792 303 2851 dici
328 2794 420 2861 solet,
445 2793 465 2849 i.
487 2812 512 2848 e.
532 2791 621 2848 servis
642 2790 720 2848 domi
745 2791 846 2849 natis:
870 2793 969 2870 quales
995 2807 1064 2851 snut

132 2894 219 2951 etiam
232 2911 338 2952 mures.
350 2892 456 2949 Versus
467 2899 524 2961 4-7
543 2890 584 2947 sic
597 2903 630 2947 ut
646 2890 748 2968 scripti
767 2890 906 2967 leguntur
918 2912 977 2950 non
995 2911 1062 2970 pos·

132 2988 341 3066 suntintelligl.
355 2986 478 3047 Duobus
493 2986 645 3045 vocabulis
662 2988 766 3046 leuiter
782 2987 962 3057 immutatis,

252 3128 384 3213 'Eldpoue
399 3126 494 3212 πρέπει
510 3150 552 3186 σοι
563 3126 609 3187 καὶ
625 3126 800 3209 κερασφόρους
814 3127 923 3211 ταύρους

253 3229 415 3309 Θηρῶντι
432 3224 511 3295 νηδὺν
528 3222 607 3306 σαρκὶ
621 3227 685 3305 τῇδε
699 3225 822 3284 πιαίνειν·

254 3323 319 3403 μυὸς
333 3322 360 3383 δὲ
374 3323 475 3382 δεῖπνον
490 3320 544 3379 οὐδ’
560 3320 647 3404 ἄκρων
664 3322 809 3403 ἐπιψαῦσαι

254 3422 351 3501 χαλῶν
368 3418 459 3499 θέμις
476 3420 556 3497 σῶν,

134 3576 175 3633 sic
198 3584 322 3653 possunt
346 3570 420 3630 verti
434 3590 440 3627 :
456 3573 566 3629 Cervos
583 3580 612 3627 te
636 3568 720 3629 decet
742 3582 897 3649 taurosque
909 3583 1064 3631 venantem
