2532 4318
222 254 260 322 ti⁸
575 251 802 312 Exmscfflo

264 372 311 440 νδ,
330 378 378 439 αἱ..
404 370 489 427 Ciuia
513 371 635 425 moralis.
663 363 756 434 Ξίνοις
783 364 943 446 ἐμπρέπων,
967 363 1005 424 ad
1031 364 1154 425 verbum

221 465 380 542 splendens
404 465 434 523 iu
456 464 572 539 alienis,
593 465 614 525 i.
638 484 663 523 e.
684 462 855 543 superbiens
876 464 912 523 iis
932 484 998 543 quae
1022 475 1072 523 tua
1094 484 1155 523 nou

221 579 298 627 suut.

518 774 689 841 FABULA
722 773 858 840 Luxu.

264 978 380 1017 novus.
395 957 479 1017 (loni.
500 956 596 1033 AEsop.
615 956 682 1014 Fab.
699 957 772 1029 2933
792 954 940 1014 iniianum
960 956 1154 1035 Misopogoue

224 1077 253 1132 p.
283 1056 349 1114 366.
371 1086 413 1100 ·-
433 1057 539 1111 Milvus
558 1057 646 1110 aliam
672 1055 737 1109 olim
757 1072 852 1108 sotrum
876 1051 992 1121 edebam
1016 1056 1069 1110 sed
1091 1061 1157 1130 equi

222 1154 360 1210 hinnitum
381 1154 486 1207 imitari
513 1152 627 1207 studeas
655 1169 747 1223 aeque
774 1150 851 1205 hauc
879 1152 1043 1224 assequitur
1063 1171 1156 1226 aeque

217 1255 368 1325 pristinam
394 1269 488 1305 vocem
517 1259 629 1304 acutam
653 1260 808 1320 recuperat.
832 1242 927 1317 Ὀξέην
960 1247 1155 1324 appositionis

222 1349 287 1404 loco
305 1346 449 1425 adjectum
472 1345 638 1423 pronomini
658 1341 751 1415 ἄλλην,
777 1342 871 1402 Alium
893 1363 1019 1420 eumque
1032 1357 1153 1405 acutum

221 1447 394 1523 (langorem.
412 1441 524 1502 Ἀκούειν
547 1463 614 1500 cum
636 1441 765 1520 genitivo
789 1460 891 1499 vocem
920 1441 1051 1515 edentis,
1080 1445 1155 1502 Bur·

223 1542 303 1601 noui.
319 1542 418 1618 §329,
434 1541 471 1599 ll.

511 1744 681 1811 FABULA
708 1746 860 1813 Lxxur.

263 1929 362 1983 nouo,
372 1928 545 1978 mammos
556 1930 592 1966 rr
610 1930 699 1967 cuuis.
712 1910 795 1968 Cous.
809 1912 903 1988 AEsop.
917 1910 988 1970 Fal).
1009 1922 1075 1988 194.

263 2010 297 2066 V.
312 2027 378 2079 1-7.
397 2010 508 2082 Equus,
526 2005 576 2064 bos
588 2021 618 2064 et
626 2013 705 2064 cauis·
710 2007 824 2084 frigore
841 2012 998 2067 laborantes
1010 2013 1051 2066 ad
1060 2012 1153 2069 laomi-

223 2113 267 2162 uis
279 2103 380 2179 focum
398 2100 620 2180 confugiebant:
637 2111 687 2181 qui
703 2125 750 2161 eos
770 2120 881 2163 recreat
899 2121 929 2164 et
946 2128 996 2164 suo
1014 2129 1152 2186 quemque

223 2209 303 2262 modo
314 2206 408 2262 uatrit.
423 2199 466 2263 'fl
476 2202 539 2261 ὄντα
562 2203 598 2261 de
617 2205 652 2261 iis
663 2224 728 2280 quae
741 2204 821 2263 domi
835 2220 934 2280 parata
952 2219 1040 2281 sunt,
1055 2226 1151 2285 neque

222 2302 340 2361 aliunde
352 2300 493 2379 petendu,
511 2301 726 2359 usitatissimum
739 2312 791 2359 est.
809 2301 935 2382 Λάθυρα,
959 2310 1151 2374 «cicerculas,

222 2421 329 2481 nornen
342 2421 378 2458 ex
392 2399 563 2460 rarioribus.
587 2401 620 2458 lu
634 2400 737 2458 collatu
755 2400 852 2461 sabula
865 2415 907 2461 est
922 2405 1019 2462 notius
1032 2402 1150 2487 ἄχυρα.»

222 2505 347 2557 Baistor.
520 2502 525 2512 '

261 2600 350 2668 8-17.
371 2596 418 2651 Sic
450 2593 519 2651 bene
539 2602 647 2670 accepti
668 2596 866 2671 hospitalitatis
894 2601 1051 2656 mercedem
1076 2602 1150 2658 daur

217 2716 280 2752 suos
303 2694 420 2767 quisque
447 2712 561 2749 morus:
583 2699 693 2768 primus
720 2713 822 2767 equus3
844 2714 932 2769 quare
955 2701 985 2751 iu
1002 2702 1150 2768 juveutute

217 2810 312 2849 sumus
316 2788 472 2863 ferociores
485 2809 494 2843 :
509 2792 599 2845 altero
615 2793 674 2849 laao
690 2788 737 2844 bos
744 2810 755 2858 ,·
768 2810 856 2863 quare
867 2794 959 2847 virilis
971 2806 1043 2849 oetas
1057 2793 1156 2851 laborl

216 2892 314 2945 dedita
333 2899 400 2942 est:
417 2900 573 2961 postremas
595 2892 690 2956 cuuis,·
713 2904 802 2960 quare
821 2907 901 2944 serras
921 2903 988 2947 suut
1004 2898 1108 2947 morosi
1124 2907 1153 2949 rt

216 2987 408 3045 oblatratores.
430 2981 594 3064 Μερίσαντες
607 2986 679 3064 αὐτῷ
702 2986 755 3042 τῶν
773 2986 838 3045 ἐτῶν
854 2974 940 3067 ἐφ’ὧν
957 2983 1031 3058 ἔζων,
1049 3013 1061 3037 «ι
1073 3008 1150 3045 coru-

219 3088 366 3142 muuicatis·
389 3100 451 3136 cum
470 3101 517 3148 eo,
543 3101 615 3156 quos
636 3084 693 3156 ipsi
714 3081 849 3139 virebant
870 3090 964 3145 anuis.
998 3083 1149 3144 Dederuut

219 3201 326 3253 annos,
346 3177 376 3238 id
394 3197 456 3237 esse
474 3192 546 3256 puto
561 3198 653 3237 mores
670 3191 699 3236 et
710 3181 776 3237 vitae
788 3180 1027 3238 consuetudinem
1041 3180 1150 3258 quibus

221 3278 387 3339 utebantur.
402 3301 414 3328 ν
430 3278 564 3334 Boissou.
587 3274 676 3349 Εὐθύ,
699 3277 802 3355 supple
825 3276 915 3337 ἔδωκε.
938 3276 1034 3358 Χρόνον
1049 3281 1149 3361 πρῶτοι

219 3377 256 3434 de
275 3376 442 3454 juventule.
466 3374 553 3431 Recte
573 3374 647 3431 vorti
665 3372 780 3430 videtur
797 3375 910 3452 «primi
932 3374 1000 3432 suni
1014 3400 1025 3424 ν
1036 3419 1045 3447 ,
1056 3395 1149 3454 quum

218 3472 311 3556 χρόνος
338 3471 505 3552 posterioris
528 3470 670 3549 graecismi
695 3470 845 3548 proprium
866 3469 1041 3529 vocabulum
1055 3473 1093 3529 sit
1111 3472 1148 3531 do

221 3580 316 3633 Auno.
329 3571 360 3632 ln
378 3581 525 3648 postremo
545 3588 628 3628 versu
648 3567 769 3627 delenda
786 3580 827 3626 est
841 3567 987 3626 distinctio
1001 3580 1067 3646 post
1079 3568 1147 3627 ὑλα-
