2532 4318
415 231 645 295 ttuutttttut
666 233 772 307 xttx,
794 229 826 293 L.
1050 234 1086 293 35

159 346 275 407 rldetur
289 347 328 407 ill.
354 348 572 422 Boissouadius‚
589 369 644 427 pro
661 349 686 407 E
704 349 792 406 densa
811 345 946 427 congerie
963 348 1091 426 populu-

158 465 223 505 runt
237 468 244 503 t
260 467 328 505 uum
339 468 375 506 ex
387 467 443 506 [rua
461 447 580 526 prodire
593 467 654 505 nnn
667 459 782 527 poterat
797 450 903 520 densa,
918 446 995 505 haud
1008 467 1089 506 cava.

160 543 236 603 Puto
245 544 365 604 latuisse
378 546 495 622 vulpem
501 566 579 621 pone
593 565 682 603 unum
694 565 729 603 ex
740 544 887 622 stipitibus
898 545 1091 620 crassissimis,

157 641 266 702 deiude
283 642 352 701 hine
370 641 523 720 prodiisse,
537 642 616 722 quod
633 654 663 701 et
674 643 767 721 ipsum
782 661 874 720 graece
889 641 945 700 dici
950 655 997 701 tur
1010 641 1091 703 lxxd-

156 760 241 798 πτιιν,
260 737 378 819 Σιοηρός
390 738 595 799 adverbialiter
612 740 733 798 dictum.
750 739 823 797 «Est
839 737 974 797 αἰκάλλειν
989 741 1089 799 (lauda

157 835 284 895 blandiri
299 861 307 895 z
324 836 373 895 sed
391 836 469 915 quod
483 846 526 895 est
548 837 580 894 iu
593 836 644 895 illo
665 850 746 915 gestu
761 834 970 894 benevolentiae
991 838 1090 896 fictum

156 953 220 994 esse
232 947 374 994 monstrat
386 932 502 1015 σοοηρός·
518 932 676 1004 blanditur,
692 934 741 992 sed
753 935 872 992 exsertis
887 934 1022 993 dentibus
1037 937 1090 1001 mi·

157 1034 270 1093 uaciter
294 1031 464 1092 frendens.»
480 1035 610 1089 Bor'ssorr.
627 1029 754 1102 Μνήσκου
772 1031 899 1089 ionicum
913 1044 956 1090 est
973 1052 1027 1110 pro
1042 1056 1090 1110 μι-

157 1129 286 1209 perim.
310 1126 374 1196 Πῶς
399 1131 447 1189 οὗκ
460 1128 507 1203 ἄν,
528 1128 632 1206 supple
648 1126 848 1206 μιμνησκοίμην
871 1124 969 1187 τούτων
981 1118 1018 1187 bv

157 1224 282 1310 Μάρτυς,
295 1227 405 1297 'l'estis‚
415 1224 617 1304 intelligendus
629 1239 672 1284 est
680 1239 730 1284 aut
744 1225 815 1284 deus
830 1245 884 1303 per
897 1212 1090 1306 quemliguu-

159 1335 205 1383 tor
216 1325 381 1402 juraverat,
396 1337 446 1381 aut
459 1323 521 1402 ipse
533 1320 633 1403 Ὅρκος
642 1323 730 1396 deus,
745 1343 831 1400 quem
843 1323 872 1400 (i.
886 1342 912 1381 e.
925 1322 1007 1401 eujus
1021 1325 1089 1382 vin-

157 1420 277 1499 dictam)
296 1420 430 1497 sequenti
452 1439 536 1479 versu
556 1420 658 1498 vulpes
675 1419 747 1478 dicit
767 1440 826 1477 non
852 1440 936 1497 posse
959 1420 1089 1498 effugere

157 1521 339 1598 lignatorem.
354 1515 496 1599 Ἔρρωοο,
515 1518 596 1577 Vale.

197 1638 248 1695 ao,
270 1634 318 1677 at.
344 1618 432 1673 Chrr'a
459 1618 586 1673 moralis.
605 1617 745 1692 «Sapiens
765 1627 808 1672 est
827 1635 949 1684 numen,
973 1636 1010 1672 ac
1029 1637 1087 1674 rrorr

151 1729 250 1793 potest
265 1716 361 1790 (1εοὶρί
376 1735 387 1770 .·
408 1734 499 1790 neque
519 1712 617 1771 latebit
635 1712 759 1791 nuquam
777 1714 860 1770 homo
875 1719 1024 1792 peq‘urus,
1039 1718 1091 1792 qui

148 1813 263 1887 snm
273 1825 370 1888 sperat
383 1813 635 1884 vitarejustirr'am.
657 1812 726 1871 Esse
740 1810 842 1869 lacuna
853 1811 971 1869 videtur
984 1812 1014 1869 iu
1028 1833 1089 1870 tne-

156 1911 206 1969 dlo
220 1929 306 1968 versu
325 1927 373 1978 ar,
388 1908 565 1986 periisseque
584 1909 672 1967 finem
692 1928 758 1966 cum
779 1909 852 1967 alius
873 1909 966 1967 initio.
987 1909 1089 1969 Graern

155 2006 365 2083 convertique
383 2006 454 2063 rnihi
471 2005 541 2064 finxi
555 2006 722 2085 conjectura
740 2025 747 2060 τ
770 2006 836 2067 Οὐδ’
852 2004 884 2065 ἄν
906 2027 945 2073 τις
965 2005 1048 2066 Λάθοι
1062 2011 1088 2087 γ’

156 2102 276 2185 ἐπίορκος
292 2103 445 2184 προσδοκῶν
458 2102 535 2176 δίκην
548 2101 683 2186 φεύγειν.»
697 2108 824 2162 Bor'sson.

507 2305 672 2375 euentu
699 2308 735 2374 L.

196 2514 284 2552 vanus
306 2515 342 2553 ιτ
364 2515 438 2554 ovis.
460 2492 544 2555 cont.
564 2496 659 2571 AEsop.
676 2494 744 2552 tab.
760 2493 828 2566 288,
841 2513 869 2572 p.
887 2496 952 2572 189,
967 2496 1032 2573 399.
1048 2527 1087 2543 -

155 2593 250 2650 Vidua
269 2613 347 2650 orem
365 2592 502 2651 tondebat
520 2598 646 2670 imperite
660 2606 689 2649 et
703 2595 845 2669 cupidius,
862 2606 894 2650 ut
912 2598 1087 2654 vrrlrreraret.

155 2689 209 2746 Cur'
226 2693 285 2747 ovis
300 2693 400 2748 dolens
410 2711 421 2746 .·
432 2693 479 2749 Ne
499 2692 590 2749 loedns'
601 2712 610 2747 :
621 2693 650 2747 si
667 2710 767 2748 carnes
785 2711 864 2748 meas
878 2699 974 2769 cupis,
988 2707 1034 2750 est
1045 2698 1088 2751 ln·

152 2790 218 2843 rrius
227 2795 278 2864 qui
287 2808 334 2845 me
344 2801 449 2847 nractet
464 2790 536 2858 cr'to,·
553 2791 583 2845 rr‘
594 2793 711 2859 Ianam,
734 2802 777 2846 ert
792 2802 889 2846 tonsor
901 2796 952 2868 qul
969 2793 1088 2849 tondent

93 2908 105 2937 ο
152 2884 362 2945 rirrecrncr'uru.
384 2886 424 2945 Οὐ
439 2881 546 2967 πόρρω.
566 2887 631 2946 Nou
644 2885 744 2964 louge,
767 2885 908 2965 signifieat
924 2887 1059 2948 Proxime
1075 2909 1082 2944 ε

152 2998 219 3038 naut
228 2981 306 3059 quod
321 2981 358 3040 de
374 3004 393 3041 rr
412 2982 556 3060 privativo
570 2980 788 3041 observavimus
800 2982 837 3041 ad
850 2983 917 3044 rab.
930 2986 977 3055 34,
994 3003 1023 3062 p.
1036 2984 1083 3053 31,

152 3075 252 3135 itidem
273 3078 494 3157 intelligendum
511 3080 548 3139 de
565 3090 688 3157 negante
709 3080 859 3157 particula.
873 3082 899 3140 Τ
899 3077 979 3158 οὖρόν
994 3082 1084 3139 erasis

153 3172 361 3234 vocabulorum
371 3175 402 3235 rb
413 3173 488 3254 ἕμόν.
499 3178 543 3237 De
551 3175 637 3247 πόσην
648 3174 725 3235 conl.
739 3176 813 3235 iul'rn
824 3177 860 3235 ad
874 3177 941 3237 rab.
953 3177 1082 3250 LXVlll,

153 3278 181 3338 l·
203 3272 317 3354 Χρῄζιιν
330 3295 395 3333 euru
408 3276 553 3355 genitivo,
566 3276 761 3354 minitentur,
777 3276 915 3337 Bnrnous.
934 3281 949 3348 ς
968 3275 1036 3346 328,
1057 3298 1081 3335 r.

152 3365 243 3450 Elprov
256 3372 351 3430 innine
367 3394 422 3452 pro
434 3370 514 3455 ἔριον.
529 3372 617 3436 Πάλιν
633 3371 680 3430 ltic
693 3385 736 3432 est
748 3372 868 3432 latinum
883 3373 1009 3445 Rursus,
1025 3373 1042 3433 ἰ.
1055 3392 1081 3433 e.

152 3463 190 3524 ab
207 3467 296 3527 altera
314 3481 404 3547 pane.
418 3468 521 3553 Σῷοιι,
533 3472 635 3533 «Siuet
651 3470 777 3530 vivere.»
