2532 4318
216 251 261 311 .5·o
472 256 475 261 '
571 250 803 313 Exrttctrto

224 364 374 445 ιἰπώμσσσιι
389 385 456 424 nam
475 363 571 444 ὄμνυσι
596 366 648 442 qui
674 366 814 438 affirmat,
838 361 972 443 ἀπόμνυσι
987 364 1038 442 qui
1058 380 1156 446 negat.

222 466 290 530 Ταῖς
317 460 467 536 ἀληθείαις,
490 483 526 520 en
551 466 656 540 veriti,
681 464 786 541 plurali
812 482 933 522 numero
953 464 1092 540 frequens
1112 477 1157 525 est

224 584 278 621 nec
291 561 384 619 solum
401 561 479 639 apud
497 574 605 638 poetas.
618 559 766 634 Διεὸλήθης
779 581 797 618 a
811 547 956 634 tritula,
971 563 1154 622 Calumnior.

514 768 689 834 Fannii
722 767 858 834 LXXV.

263 971 355 1020 nouus
370 972 407 1009 nr
420 972 522 1020 nouus.
537 952 620 1011 Conf.
633 952 730 1028 AEsop.
745 948 813 1010 rab.
830 952 897 1008 362.

261 1050 296 1108 V.
316 1070 401 1107 ι-ιο.
424 1052 536 1126 Equum
547 1071 634 1125 eques
647 1052 677 1105 in
695 1049 768 1105 bello
781 1051 941 1107 saturante
957 1049 1116 1120 nutriebat,·
1125 1054 1155 1107 in

217 1167 313 1223 pace,
337 1168 421 1222 quum
449 1150 619 1223 stipendium
645 1168 701 1203 non
722 1149 849 1222 amplius
870 1154 1031 1223 accilseret,
1056 1152 1154 1207 endem

221 1252 322 1302 misere
340 1258 494 1302 sustentato
515 1247 556 1301 orl
575 1246 674 1319 infima
688 1247 844 1301 ministerio
864 1243 1041 1305 abutebatur.
1060 1246 1155 1305 Συνιι-

222 1340 313 1413 στήκει
327 1341 455 1421 πόλεμος,
465 1342 547 1419 quasi
562 1341 640 1400 dicas
655 1340 800 1412 Quamdiu
814 1341 882 1400 belli
892 1344 1005 1401 collisio
1016 1342 1152 1405 durabat.

222 1441 307 1499 (loni.
330 1440 398 1499 Fab.
415 1440 567 1512 LXXXIV,
586 1461 610 1496 1.
632 1438 813 1520 Πσραστάτης
829 1440 975 1517 praecipue
994 1439 1103 1498 dicitur
1122 1441 1153 1499 in

171 1594 174 1598 ,
221 1559 368 1597 armorum
380 1538 527 1597 sodalitio.
542 1539 663 1600 Γενναῖοι
678 1548 792 1595 nonest
806 1541 963 1613 generent,
973 1535 1025 1595 sed
1047 1537 1152 1597 Fortis,

221 1633 394 1705 Ἔπαύσατο,
408 1656 448 1692 sc.
464 1638 478 1692 ὁ
496 1632 620 1711 πολεμος.
644 1632 761 1706 Λοιπόν,
781 1633 902 1692 Exinde.
919 1632 971 1692 ’Eu
987 1633 1092 1710 δήμου,
1110 1636 1154 1694 Ex

220 1732 359 1811 publico,
382 1730 510 1791 Publice·
541 1734 606 1791 Non
630 1745 673 1789 est
692 1731 880 1809 cogitandum
904 1731 940 1790 de
965 1731 1153 1790 democratia.

221 1831 354 1908 Κατῆγεν,
377 1844 409 1888 ut
435 1830 472 1888 de
488 1829 636 1888 montibus
659 1830 781 1889 silvosis.
804 1828 845 1890 Τὸ
870 1835 974 1908 πνεῦμα
997 1826 1089 1911 σῴζων
1112 1829 1154 1888 ἐπ’

222 1925 343 2009 ἀχύροισι
357 1898 508 2000 inminere,
522 1927 635 1985 Miseria
650 1927 765 2005 stipulis
782 1927 907 1985 animam
922 1939 1105 1999 sustentans,
1118 1948 1155 1987 eo

222 2043 308 2082 sensu
334 2025 431 2101 posita
453 2025 661 2102 praepositione
694 2022 752 2097 tet,
778 2036 810 2082 ut
838 2024 951 2083 dicatur
974 2046 1063 2102 penca
1091 2025 1154 2083 illas

222 2121 343 2200 stipulas
366 2122 453 2179 luisse
470 2122 557 2180 vitam
573 2122 636 2200 ejus
648 2121 727 2179 nulla
743 2141 774 2178 re
791 2122 846 2179 alia
864 2124 1155 2196 sustentatum,sicut

223 2217 266 2277 ἐπί
280 2218 321 2277 σοί
336 2220 416 2291 ἐστιν,
433 2219 527 2278 Penes
549 2233 591 2291 te,
609 2231 665 2276 tuae
680 2219 831 2298 potestatis
848 2233 902 2280 est.
925 2218 1066 2279 Ἵππευσιν
1084 2224 1154 2281 ain-

224 2318 322 2395 telligo
336 2315 373 2374 de
385 2316 552 2394 Ephippio,
569 2316 778 2394 significatione
791 2316 911 2393 quidem
920 2337 1004 2377 nova.
1019 2322 1155 2398 Opponit

224 2428 327 2474 auctor
339 2413 463 2473 ἴππευσιν
478 2428 506 2473 et
520 2413 612 2493 σάγην,
628 2415 777 2492 Ephippia
789 2426 818 2473 et
827 2415 953 2473 Clitellas
963 2417 1155 2478 asini.Suidae

223 2513 299 2570 enim
315 2524 359 2569 est
368 2511 452 2589 σάγη,
467 2510 528 2569 ὄνου
542 2509 693 2591 ἐπίθημα.»
712 2515 840 2571 Boisson.
852 2512 933 2571 conf.
947 2512 1016 2573 Fab.
1031 2515 1094 2587 Vll,
1109 2538 1153 2576 ιι

266 2630 371 2684 ιι-ι9.
388 2611 469 2665 Bello
482 2622 576 2665 autem
591 2612 689 2666 iterum
704 2615 851 2684 ingruente
864 2630 949 2685 eques
958 2631 1158 2671 conscensurus

216 2709 349 2782 producit
356 2726 457 2782 equum
472 2727 482 2761 .·
496 2709 547 2781 qui
556 2727 622 2781 proe
635 2710 828 2763 exinanitione
843 2713 873 2764 in
888 2728 983 2784 genua
991 2712 1155 2784 procidens,

222 2810 374 2863 Accenseto
389 2818 416 2861 te
424 2847 433 2874 ,
450 2806 549 2879 inquit,
563 2803 726 2878 peditibus:
740 2824 777 2860 ee
786 2823 858 2879 equo
867 2806 1019 2879 mefecisti
1031 2813 1155 2880 asinum,

222 2923 312 2979 neque
332 2924 370 2960 ea
389 2923 421 2959 eo
438 2922 483 2958 me
495 2905 623 2958 restitues
638 2920 750 2977 equum.
773 2899 898 2961 Ἐκέλενε
919 2905 1037 2980 poetica
1052 2925 1156 2983 proso-

222 3001 339 3080 popoeia
361 3019 415 3077 pro
436 2997 571 3075 ἐσήμαινε.
586 3000 679 3057 Versu
694 3009 728 3068 aa
749 2999 826 3059 αὐτὸν
836 2996 916 3060 ἵππον
936 3000 994 3061 hoc
1013 3002 1069 3062 sibi
1085 3005 1158 3063 velle

217 3093 349 3174 ¹videtur,
369 3099 454 3157 lluuc
478 3096 573 3174 ipsum
593 3117 713 3174 equum?
739 3095 874 3165 Ὀιιλάσσις
894 3096 1004 3159 ἔπιπτεν
1030 3102 1156 3160 vertitur

222 3224 233 3246 «
246 3195 375 3274 Obliquo
393 3194 575 3254 claudicabat
593 3195 702 3272 pede»,
721 3216 759 3253 ex
774 3196 869 3255 Suidae
890 3198 1154 3275 interpretatione:

220 3291 339 3361 ὀκλάζει·
355 3291 475 3373 χωλεύει.
497 3293 608 3365 Quidni
624 3313 660 3352 ex
682 3293 796 3371 vulgari
818 3294 949 3352 omnium
974 3297 1157 3373 scriptorum

221 3393 421 3470 usucapiatur
436 3391 494 3449 hoc
508 3391 615 3465 modo,
634 3394 667 3450 ln
684 3411 781 3470 genua
802 3390 936 3450 desideras
950 3395 1079 3471 procidit
1094 3415 1156 3454 non

223 3490 346 3568 amplius
357 3490 457 3549 valens
466 3485 564 3570 (οὐκέτ’
577 3488 701 3569 ἰσχύων),
715 3490 854 3549 nimirum
869 3503 988 3568 portare
1002 3494 1153 3571 equitem:

221 3607 289 3647 nam
304 3588 475 3667 cogitandus
488 3603 533 3649 est
547 3608 636 3666 eques
656 3608 723 3649 euni
744 3588 957 3661 conscendere,
973 3591 1040 3650 hinc
1057 3610 1155 3669 equus
