2532 4318
563 263 793 333 EXPLleTlO

551 496 720 566 FABULA
745 499 799 565 Ll.

253 700 398 738 auruncos
420 700 458 738 er
479 701 583 740 nuent.
610 682 694 741 Conl'.
717 682 814 761 AEsop.
837 680 905 743 Feb.
934 685 997 757 168,
1020 705 1050 764 p.
1076 704 1142 758 too,

213 779 280 839 355.

249 880 283 938 V.
311 880 387 937 1-6.
418 881 507 936 Tauri
528 879 652 935 humeris
675 877 825 936 trabebant
842 899 964 937 currum.
994 882 1050 940 Cui
1074 886 1142 941 stri-

209 981 380 1038 ‹tenttdmtt
402 977 565 1036 bubulcus:
586 979 727 1048 Pessime,
753 979 822 1053 quid
844 982 952 1035 clamas
979 992 1026 1049 tu,
1055 1002 1140 1058 quem

208 1098 368 1136 aerumnose
378 1078 487 1134 velant
498 1071 764 1157 ιαιιιιιιιΡἌῤῥενες
777 1079 878 1155 ταῦροι,
889 1076 1074 1154 pleonasmus
1087 1100 1141 1138 uo·

201 1189 286 1236 tatus
302 1174 340 1234 ab
355 1176 397 1234 ill.
419 1172 619 1233 Boissonadio.
643 1173 782 1231 Consulto
799 1173 927 1252 positum
936 1164 979 1241 ἐἷς
1001 1174 1085 1251 ἄστυ,
1109 1179 1139 1236 in

207 1295 267 1354 quo
278 1273 397 1333 nolebat
416 1272 463 1331 ille
480 1290 596 1329 currum
611 1289 694 1329 suum
710 1269 878 1349 obstrepere
891 1270 1018 1332 urbanis.

247 1394 275 1446 7,
291 1372 318 1429 8.
343 1370 429 1427 Chria
441 1372 567 1428 moralis.
589 1356 669 1427 Ebur
678 1364 742 1448 πρός
751 1389 833 1439 τινος,
846 1368 916 1427 Esse
925 1370 1068 1431 actionem
1083 1374 1139 1432 ati-

110 1456 114 1461 ’
206 1468 287 1548 eujus
295 1509 306 1537 ‚
322 1467 478 1546 Proprium
494 1467 520 1524 ei
533 1485 595 1524 esse
611 1465 663 1541 (sic
678 1465 785 1544 agere).
799 1464 926 1547 Ὡσπερεὶ
936 1465 1044 1546 κάμνων
1058 1472 1137 1539 αὐτός

205 1571 234 1627 in
246 1568 455 1626 haestruetura
468 1577 574 1643 praeter
585 1562 715 1622 normam
728 1564 943 1642 grammaticam
954 1564 1064 1626 dietum
1076 1582 1136 1644 est,

204 1684 269 1743 quae
283 1663 409 1743 postulat
423 1660 535 1742 ὡσπερεὶ
547 1660 682 1740 κάμνοντα
693 1658 781 1719 αὐτόν.

530 1864 703 1937 FABULA
730 1867 802 1936 Lll.

241 2072 329 2111 rmus
350 2073 387 2111 rr
407 2072 525 2113 vorrrs.
547 2054 630 2113 conf.
646 2054 742 2132 AEsop.
757 2052 826 2114 Fab.
845 2056 911 2129 232,
929 2075 957 2134 p.
977 2055 1043 2127 152,
1063 2055 1132 2134 379.

201 2182 240 2195 -
259 2153 380 2229 Vulpem
397 2166 512 2228 mptum
525 2157 611 2228 lupus
628 2172 663 2208 ea
680 2155 833 2209 conditione
852 2154 947 2211 vivam
967 2155 1134 2213 dimissurus

200 2261 254 2321 est,
267 2250 295 2307 si
308 2271 393 2308 veras
407 2254 564 2308 sententias
580 2263 635 2306 tres
653 2252 709 2327 ipsi
729 2253 812 2307 (licat.
832 2252 936 2327 Vulpes
949 2253 1046 2328 igitur,
1065 2255 1133 2311 Uti-

200 2366 284 2420 rmm,
297 2353 400 2424 inquit,
416 2368 454 2404 ne
467 2354 497 2404 ιἰι
511 2362 540 2405 te
552 2348 708 2404 incidissem
717 2351 729 2403 l
738 2348 846 2404 utinam
860 2368 935 2404 caeco
945 2361 1020 2406 certe
1034 2368 1131 2406 occur·

200 2448 315 2502 rissem!
326 2451 432 2502 utinam
446 2466 482 2503 ne
493 2449 585 2501 denuo
594 2448 743 2501 occurrere!
759 2444 873 2503 Dicitur
884 2457 913 2502 et
923 2441 975 2504 τινὶ
987 2444 1130 2523 ἐμπίπτειν

199 2553 228 2598 et
242 2539 278 2608 el<
291 2564 326 2600 τι.
342 2543 470 2623 Ζωγριῖν,
484 2555 514 2600 ut
526 2542 604 2620 apud
620 2544 790 2613 Homerum,
803 2543 907 2602 Vivum
921 2562 1053 2617 servare,
1069 2544 1130 2604 rita

200 2640 309 2698 donare
323 2641 480 2719 captivum.
500 2642 548 2707 Εἰς
561 2637 631 2721 ὥρας
649 2654 678 2698 et
699 2639 784 2698 attice
797 2635 895 2719 ὥρασιν
910 2641 1037 2699 ἱκνεῖσθαι
1055 2660 1128 2718 pro-

198 2737 294 2815 prium
312 2757 395 2795 usum
416 2735 506 2795 habet
522 2737 552 2794 in
574 2736 704 2795 formulis
720 2749 770 2794 aut
782 2734 860 2794 bona
874 2749 925 2794 aut
946 2738 1020 2795 mala
1041 2736 1129 2798 alicui

199 2835 354 2913 precandi,
368 2835 404 2893 ad
420 2833 544 2893 verbum
561 2833 721 2911 significans
736 2832 838 2892 Venire
847 2833 876 2890 in
889 2854 982 2894 annos
994 2835 1129 2916 (sequen-

198 2930 266 3006 tes),
283 2933 302 2990 i.
317 2952 342 2993 e.
363 2951 453 3010 porro
472 2932 582 3004 vivere,
596 2942 664 3008 post
678 2929 755 2987 hunc
771 2929 842 2988 elios
857 2950 949 2990 annos
966 2934 1079 3007 vivere3
1096 2950 1128 2994 ut
1167 2962 1176 2977 r
1198 2955 1203 2961 ·

196 3043 239 3090 est
252 3030 330 3110 apud
345 3030 534 3090 Theocritum
551 3029 587 3096 ιίς
604 3025 691 3110 ὥρας,
707 3029 739 3086 1η
753 3047 860 3087 annum
878 3043 1066 3108 sequentem:

196 3173 254 3245 Κῆς
266 3172 297 3252 (i.
310 3193 334 3231 e.
347 3170 392 3232 καὶ
406 3170 451 3250 εἰς)
463 3168 533 3253 ὥρας
544 3217 551 3246 ,
564 3168 693 3243 κῆπειτα,
706 3167 760 3253 φίλ’
772 3169 887 3253 ἀνδρῶνζ
898 3173 924 3231 ἐν
937 3172 1012 3254 καλῷ
1025 3169 1088 3243 εἴης.

195 3323 247 3383 Est
268 3324 357 3403 igitur
377 3320 415 3400 μὴ
430 3320 487 3401 σύγ’
501 3324 537 3391 εἰς
551 3318 622 3405 ὥρας
642 3319 723 3395 ἵκοιο,
740 3321 872 3380 «utinam
897 3340 956 3380 non
978 3321 1015 3379 ad
1031 3319 1125 3379 serio-

193 3440 256 3478 rem
277 3422 427 3499 pervenias
450 3432 597 3495 aetatem»,
618 3421 638 3479 i.
653 3440 679 3479 e.
695 3419 805 3479 utinam
821 3439 941 3499 pereas:
960 3436 1027 3479 utrm
1048 3418 1124 3479 hanc

196 3517 253 3576 vim
269 3518 449 3580 consuetudo
465 3518 505 3578 illi
518 3519 616 3597 phrasi
633 3518 741 3578 tribuit.
