2532 4318
212 288 250 357 64
561 284 792 350 Exrtlca‘rto

211 423 326 481 gerens,
343 403 362 462 i.
382 423 408 462 e.
430 401 526 481 qualia
548 416 615 461 sunt
640 401 862 481 impudentium.
886 401 1012 461 Verbum
1029 402 1144 477 ίπιζέω,

212 502 392 571 lnfervesco,
411 501 624 560 intransitivum
643 514 686 560 est
702 506 781 578 (nam
796 501 977 561 accusativus
991 502 1021 559 in
1043 504 1145 581 paucis

212 598 351 674 exemplis
365 596 471 656 obvius
489 598 572 656 aliam
587 597 820 657 caussam'habet
835 618 929 677 neque
940 597 1047 677 probat
1059 620 1145 659 usum

212 692 427 764 transitivum):
444 707 475 753 ut
491 695 604 753 mireris
626 695 745 773 phrasin
768 692 836 774 χολὴ
864 694 886 752 δ’
912 693 998 764 ἒπίζει
1023 695 1144 777 καρδίην,

212 810 277 868 quae
299 795 377 868 justa
403 805 432 849 et
453 791 519 849 usui
541 792 718 849 conveniens
740 793 795 850 erit
819 793 842 850 si
863 792 974 850 scribas
997 794 1083 873 χολῇ,
1098 795 1145 855 lra

213 887 352 946 aestuabat
372 888 494 968 (cervus)
509 889 541 946 in
563 889 661 948 corde.
686 887 795 970 Γρίζειν
807 903 851 947 est
867 890 987 949 latinum
1009 892 1145 964 Hiscere,

213 982 347 1060 Muttine,
361 988 523 1047 Mussitare.
546 985 746 1059 Ἀλωπεκίζειν,
769 989 871 1067 Vulpis
891 1009 973 1048 more
993 1010 1095 1069 agere,
1112 1005 1146 1051 ut

212 1081 242 1140 in
262 1083 439 1162 proverbiali
456 1105 540 1142 versu
565 1098 609 1144 est
631 1079 804 1152 ἀλωπεκίζειν
818 1083 883 1166 πρὸς
902 1085 993 1167 ἑτίραν
1007 1086 1144 1149 ἀλώπεκα.

212 1176 321 1250 Ἄλλους
336 1184 454 1262 βασιλεῖς
467 1182 620 1266 θπερέθιζε,
634 1210 645 1235 ι
658 1185 738 1244 Alios
756 1185 835 1244 urito
852 1185 1013 1246 ambitione
1024 1207 1145 1266 regesn,

213 1297 294 1355 quae,
317 1300 407 1358 quum
430 1301 512 1360 reges
535 1282 608 1340 nulli
624 1282 733 1355 adsint,
757 1284 797 1341 sic
818 1283 988 1362 explicanda
1009 1285 1147 1344 videntur

215 1395 248 1433 ac
261 1377 285 1434 si
298 1376 407 1436 dictum
424 1391 513 1451 esset,
523 1379 604 1437 Alios
623 1399 657 1437 ea
669 1378 828 1439 ambitione
840 1380 917 1438 unito
936 1393 969 1438 ut
986 1401 1068 1459 reges
1082 1383 1147 1441 fieri

214 1473 341 1551 cupiant.
363 1476 536 1554 Comparari
557 1477 648 1555 possit
667 1489 738 1534 nota
759 1478 889 1556 phrasis,
913 1477 992 1560 σορὸν
1012 1478 1146 1539 διδάσκειν

213 1571 289 1645 πινοί,
312 1572 494 1633 Instituendo
514 1574 641 1652 aliquem
660 1575 774 1632 efficere
790 1582 822 1632 u‘t
837 1574 942 1634 doctus
961 1576 1085 1647 evadat3
1105 1578 1147 1637 sic

210 1668 335 1749 ἐρεθίζειν
347 1667 406 1728 εινδι
424 1667 549 1750 βασιλέα,
565 1669 714 1729 lucitandn
735 1670 849 1729 efficere
865 1685 898 1730 ut
920 1672 1025 1751 aliquis
1048 1693 1146 1751 regem

214 1784 245 1823 se
278 1767 360 1824 ferat.
390 1768 497 1825 Verum
521 1787 581 1825 uon
609 1767 769 1846 separanda
788 1781 887 1842 erant,
910 1770 961 1829 sed
986 1772 1147 1832 arctissime

215 1863 418 1942 conjungenda
433 1864 523 1922 verba
533 1864 667 1946 ὖπερέθιζε
678 1863 723 1923 καί
738 1863 819 1938 ποίει,
834 1866 911 1926 dicta
921 1888 976 1947 pro
988 1868 1146 1952 ὑπερεθίζειν

216 1957 302 2033 ποίει,
319 1961 469 2020 utdicitur
482 1959 530 2034 πλν
547 1964 661 2034 λεκάνην
672 1961 708 2020 ’ίθι
729 1960 774 2021 καί
792 1961 854 2046 φέρε
870 1986 925 2044 pro
943 1962 989 2023 ἰὼν
1006 1965 1068 2049 ρι’ρε
1087 1990 1094 2025 :
1114 1982 1148 2029 ut

216 2057 273 2117 hoc
294 2059 372 2118 dicat
397 2080 513 2134 cervuS,
536 2059 631 2130 ἄλλους
649 2059 804 2142 ὑπερεθίζων
823 2061 892 2120 ποίει
913 2063 1148 2142 βασιλεῖς.·Ὑπο-

215 2154 316 2229 ὅλήδην
335 2170 436 2216 notum
459 2177 496 2216 ex
520 2159 654 2218 llomero.
681 2157 810 2239 Ἐγείρειν
836 2162 884 2230 τῆς
905 2158 1014 2242 πάροιθε
1036 2162 1148 2237 νωθείης

216 2253 327 2313 dictum
342 2268 375 2313 ut
394 2255 482 2313 modo
497 2275 525 2313 v.
551 2255 587 2328 57
610 2254 716 2335 δρόμων
738 2253 933 2337 ἀναψύχουσαν.
955 2256 1061 2318 Ψαιίειν
1080 2281 1147 2319 cum
1220 2276 1223 2281 “

216 2352 346 2430 genitivo
368 2353 419 2430 qui
446 2352 555 2412 dicitur
576 2353 725 2431 partitivo.
747 2349 925 2435 Ὗρίστοισθαι
947 2367 977 2412 et
1001 2357 1149 2429 ὑποστῆναι

217 2449 401 2508 intransitiva
415 2471 480 2509 cum
495 2451 661 2509 accusativo
678 2449 780 2528 juncta
803 2451 966 2528 significant
984 2451 1148 2514 subsistere

218 2560 247 2606 et
264 2549 370 2608 durare
390 2550 427 2608 ad
445 2549 569 2630 aliquid,
593 2550 742 2610 Sustinere
762 2550 883 2630 aliquid.
903 2549 1028 2621 Ἄπιστος
1051 2565 1095 2611 est
1118 2568 1150 2614 et

219 2646 276 2716 Qui
289 2646 376 2705 fidem
394 2648 443 2706 alii
453 2669 512 2706 non
524 2647 614 2706 habet
629 2648 674 2726 (ut
691 2648 747 2705 hoc
762 2647 838 2726 loco)
854 2661 883 2706 et
894 2648 948 2709 Cui
961 2668 1020 2707 non
1036 2661 1080 2707 est
1096 2649 1149 2710 ha—

215 2741 319 2803 benda.
336 2741 407 2804 Ἰσθι
428 2742 466 2802 ab
481 2742 545 2823 εἰμί.
568 2741 700 2822 Ὀμνίναι
714 2741 769 2802 πινί
786 2766 828 2819 τι,
853 2745 947 2805 Alieni
965 2745 1067 2824 jurate
1091 2747 1148 2805 ali-

219 2840 308 2919 quid,
324 2854 357 2899 ut

390 3025 445 3078 ubi
458 3027 535 3078 maria
544 3039 631 3091 aspera
640 3026 712 3091 jnro,

219 3216 238 3275 i.
254 3235 280 3274 e.
296 3228 398 3275 testem
415 3215 504 3275 citare
520 3215 720 3275 affirmationis
734 3235 800 3275 cum
814 3214 1006 3295 jurejurando
1016 3215 1146 3276 edendae.

218 3310 311 3386 Μόνον
326 3336 361 3393 με
384 3311 529 3387 δουλεύειν,
552 3315 718 3373 ιΜειιιιοιιι
735 3313 844 3372 servire
863 3312 933 3386 tibi,
954 3311 1053 3371 liberis
1074 3312 1147 3373 aliis.

218 3409 267 3468 Sic
281 3410 382 3490 vulpes
397 3409 453 3469 sibi
476 3422 593 3489 optaret
617 3410 684 3468 mali
706 3409 824 3487 aliquid.
842 3410 934 3469 Aliter
954 3430 1011 3467 non
1033 3408 1148 3468 videtur

220 3505 302 3586 loqui
312 3507 350 3567 ad
363 3508 580 3588 persuasionem
598 3508 668 3566 satis
680 3506 823 3585 apposite.
836 3506 950 3566 Deinde
960 3507 1057 3565 somn
1075 3504 1148 3566 sub-

219 3604 399 3666 audiendum
408 3617 505 3666 mente
518 3601 626 3677 ποιήσει
635 3616 703 3683 post
714 3604 834 3687 ἐχθρόν.»
850 3608 977 3667 Bouron
991 3601 1026 3665 ‘ll
1036 3595 1147 3685 ἀχαιίνη
