2532 4318
227 206 461 268 mirmion
482 208 630 277 mxxxii,
652 209 811 284 mxxiii,
834 174 985 274 cxxxiv.
1034 218 1070 273 ss

142 324 200 385 rim
218 322 309 381 habet
337 342 498 401 pronomen
513 324 714 400 indefinitum,
733 329 844 397 «Quasi
860 332 935 388 foret
949 330 1073 409 aliquis»

140 422 158 479 i.
168 441 194 481 e·
205 420 297 480 homo
311 422 341 480 in
355 421 454 500 aliquo
464 443 585 482 numero
599 422 762 497 habendus,
776 426 898 505 alicujus
914 429 1072 508 dignitatis.

410 631 583 698 FABULA
607 632 789 699 LXXXlV.

180 828 270 867 conns
289 831 327 867 er
348 831 425 869 nont.
445 813 531 872 Conf.
547 814 642 890 AEsop.
654 815 722 873 Fas.
739 813 806 891 359.

180 909 212 966 v.
234 910 321 967 1-18.
342 914 381 967 In
397 910 470 968 bello
487 932 550 968 cum
566 916 640 985 lupis
657 932 743 969 canes
757 933 795 969 em
813 919 870 970 suis
881 916 979 970 ducem
993 914 1073 969 dele·

138 1018 240 1082 grmnt
252 1008 401 1067 Acioeum.
420 1011 477 1081 Qui
491 1008 526 1067 ob
543 1016 745 1068 cunctationem
764 1012 868 1069 acriter
886 1012 1074 1088 reprehensus

140 1110 180 1161 ita
190 1125 221 1162 ss
229 1104 383 1181 defendit:
398 1113 499 1165 Hostes
510 1112 552 1165 od
559 1129 645 1165 naum
655 1129 750 1166 omnes
763 1117 847 1166 onius
855 1123 922 1167 sunt
934 1114 1032 1167 eoloris
1045 1123 1076 1166 et

130 1203 261 1275 ,γον-σιω·
280 1225 333 1262 vos
352 1207 416 1263 ltoec
431 1206 539 1264 labem
549 1209 755 1264 diversissima:
764 1211 900 1283 quomodo
913 1210 998 1285 igitro
1010 1210 1073 1265 dis-

139 1316 288 1377 crepantes
306 1305 384 1360 inter·
395 1324 426 1360 te
444 1307 547 1360 ἄαταιιι
566 1307 699 1361 adversus
710 1325 757 1361 eos
775 1305 877 1381 quibus
889 1320 989 1363 cuncta
1001 1309 1076 1363 inter
1101 1376 1105 1383 ι

138 1404 435 1458 sesuntccmmum'o?
456 1400 528 1461 Kocl
542 1400 587 1458 καὶ
602 1399 691 1466 λύκοις
708 1402 872 1474 συνειστήκει
889 1404 963 1462 verti
977 1417 1075 1480 potest

139 1496 246 1557 Coortn
256 1510 321 1555 erat
331 1500 407 1556 inter
423 1518 508 1557 canes
521 1512 551 1557 et
565 1499 660 1577 lupos,
675 1501 850 1560 intercessit.
865 1500 984 1580 Ἀχαιός,
994 1501 1071 1559 haud

138 1593 226 1654 dubie
240 1616 278 1654 ex
293 1595 400 1654 Achaia
425 1598 544 1676 proprie
560 1596 653 1667 dicta,
675 1597 704 1654 in
721 1618 779 1676 qna
795 1598 866 1657 clari
883 1612 966 1656 erant
988 1595 1073 1657 canes

136 1695 275 1772 Sicyonii.
288 1698 324 1752 lli
347 1693 393 1769 δέ,
406 1716 502 1754 eones.
517 1698 551 1755 Ei
566 1697 603 1777 μὴ
618 1696 738 1778 προάξῃ,
753 1698 776 1754 εἰ
798 1717 863 1754 oum
887 1695 1072 1773 sanunctivo

135 1792 252 1852 insolite
269 1794 377 1851 dictum
388 1806 418 1851 et
431 1814 447 1852 a
462 1795 560 1852 multis
576 1795 768 1873 scriptoribus
779 1814 834 1872 pro
849 1792 1003 1852 barbarico
1020 1794 1073 1852 hn-

136 1892 228 1951 bitnm
240 1913 249 1954 ε
262 1913 357 1971 neque
370 1894 449 1967 apud
463 1894 601 1953 Babrium
615 1894 693 1952 aliud
706 1894 794 1971 hujus
807 1905 963 1952 structnrae
974 1912 1071 1951 exem·

135 1993 215 2068 plum
231 1993 300 2051 ridi
322 1990 435 2072 Προάγοι
454 1993 515 2050 sive
537 1993 719 2052 intransitive
740 1993 838 2070 capias
860 1992 922 2050 sive
944 1992 1072 2068 explices

134 2090 272 2167 suppleto
294 2091 325 2149 τὸ
345 2089 515 2170 στράτευμα,
529 2091 714 2169 Progredior,
730 2089 840 2149 Educo.
856 2090 1014 2165 Sequentia
1029 2089 1070 2147 sic

133 2202 213 2247 strue
228 2213 235 2247 τ
252 2189 380 2249 ἀκούσατε
394 2181 426 2248 οὗ
440 2189 517 2270 χάριν
537 2188 664 2270 διατρίὸω
677 2186 725 2260 τὴν
739 2188 830 2267 μάχην
845 2187 871 2245 ἐν
886 2183 1017 2263 ἑδρεύσει,
1031 2186 1066 2242 ad

135 2286 271 2357 verbum,
285 2288 345 2346 Cur
358 2308 485 2365 pugnarn
500 2299 601 2358 teram,
617 2291 636 2345 i.
651 2308 676 2346 e.
692 2301 805 2364 tempus
818 2304 922 2362 pugnos
937 2283 1069 2341 tribuen-

134 2382 206 2442 dum
222 2399 312 2444 teram
336 2386 366 2443 in
380 2385 508 2444 sessione
523 2384 694 2463 (desidendo
714 2384 744 2441 in
762 2383 893 2460 castris),
912 2381 1069 2441 «sedendo

134 2481 244 2541 bellom
259 2496 441 2562 quapropter
457 2502 623 2561 prorogcm.
636 2479 777 2562 Ἐδριυσις
802 2500 900 2539 rorum
920 2493 964 2539 est
980 2500 1067 2538 voce-

132 2577 244 2655 bnlnm.
255 2607 268 2632 s
292 2585 420 2639 Botssorr.
444 2569 498 2640 Ὧν
519 2583 573 2660 ὁρῶ
590 2581 725 2637 attractio
738 2591 782 2639 est
797 2599 852 2657 pro
866 2576 908 2645 οὓς
920 2581 990 2661 ὁρῶ,
1007 2579 1067 2638 lere

132 2680 294 2738 noomsnria
308 2678 347 2738 ob
364 2681 586 2738 collocationem
605 2677 710 2736 horum
725 2677 883 2738 verborum
897 2666 974 2738 inter
984 2680 1067 2738 πσλι-

132 2776 201 2856 χιίοιν
213 2790 242 2837 et
250 2775 366 2836 πάντων.
376 2778 483 2836 Cretici
495 2788 525 2833 et
535 2776 680 2835 lllolossici
690 2778 752 2836 sire
766 2777 885 2836 Molossi
895 2797 980 2836 canes
990 2796 1067 2855 saepe

132 2890 339 2936 memorentur.
350 2875 487 2934 Molossis
498 2888 542 2932 est
554 2874 582 2931 in
601 2875 707 2951 Epiro,
721 2874 759 2933 nd
776 2875 1013 2953 septemtrionem
1028 2875 1067 2932 si·

132 2992 186 3031 nris
204 2972 363 3034 Ambracii.
387 2974 465 3031 inter
479 2971 601 3030 eandem
617 2971 740 3048 Epirum
758 2986 787 3031 et
805 2973 955 3043 AEtolism‚
974 2990 1065 3049 nque

131 3070 261 3129 Acheloo
276 3071 395 3129 flumine
408 3082 570 3148 separatur,
588 3081 631 3127 est
656 3071 834 3142 Acarnanim
858 3089 957 3128 versus
973 3068 1065 3127 Thes·

130 3169 228 3227 saliam
248 3181 388 3228 tutemet
406 3167 529 3227 Pindum
545 3179 674 3225 montem
690 3169 825 3247 Dolopia.
842 3167 879 3226 lli
898 3185 997 3225 omnes
1012 3186 1062 3224 ca·

130 3288 182 3327 nes
201 3268 415 3344 Epiroticorum
432 3266 566 3338 nomine,
585 3263 664 3343 qnod
686 3267 791 3344 saepius
812 3277 997 3337 memoratur,
1013 3264 1063 3322 vi·

131 3365 239 3424 ‹lentnr
252 3363 468 3442 comprehendi.
484 3361 592 3444 Κύπρον
611 3360 754 3447 ἣθρᾴκην
771 3367 909 3443 αὐχοῦσιν,
927 3361 1062 3421 Glorian-

131 3474 179 3520 tnr
198 3463 327 3541 Cyprum
351 3474 402 3519 out
426 3461 596 3528 ‘t'hmciam
619 3456 729 3519 scilicet
746 3473 778 3518 nt
803 3459 935 3539 petriam.
959 3460 1060 3537 Cyprii

128 3579 214 3620 canes
229 3561 377 3639 praecipoe
394 3557 538 3631 celebres,
559 3572 589 3618 et
608 3558 670 3639 (qui
692 3580 751 3618 non
763 3559 953 3619 nominentur
968 3578 986 3617 a
1001 3559 1059 3619 Es·
