2532 4318
180 234 219 290 6ο
530 229 760 289 uxrttcttto

184 349 217 406 ln
230 346 337 404 multos
352 364 452 403 annos.
469 341 512 405 lle
528 346 710 425 longaevitate
725 344 802 404 cervi
815 345 974 422 antiquitus
985 345 1067 408 ,clara
1080 365 1108 411 v(

182 443 259 502 dicta
276 443 313 500 nd
325 441 392 502 Fab.
410 443 495 513 XLV,
511 465 540 519 9.
553 442 673 524 Φούορὸν
687 451 767 502 πᾶσιν
783 444 899 524 ἑρπετοῖς
915 463 984 502 saue
998 444 1110 502 intelli·

181 539 306 618 gendum
328 552 417 597 estut
437 541 558 597 vertitur
580 542 710 598 «cunctis
731 540 916 599 metuendum
942 541 1048 599 ferisu:
1065 541 1110 600 vi-

180 638 308 701 dendum
334 652 429 696 autem
451 657 486 695 ne
503 638 578 697 forte
596 639 699 716 vulpes
713 638 857 695 malitiosa
875 638 904 695 iu
922 636 1109 715 ambignitate

182 735 315 794 vocabuli
337 735 418 794 ludat
449 734 583 813 dicatque
609 735 785 811 serpentibus
808 735 870 812 (qiu
896 737 1016 813 proprie
1044 749 1111 794 sunt

179 832 288 913 ἑρπετά)
310 833 446 892 omnibus
470 832 655 891 formidabile
679 854 740 891 esse
761 853 853 890 cornu
876 832 955 909 ejus,
971 833 1050 911 quod
1071 832 1111 895 ob

181 932 395 1010 simplicitatem
418 943 447 989 et
468 950 608 1010 pavorem
630 930 760 989 nrtimalis
786 944 895 988 ceteras
917 930 1110 990 bestiastnon

182 1030 266 1087 valde
282 1043 378 1087 terret.
400 1029 510 1088 Plinius
529 1029 601 1087 tttst.
620 1040 680 1087 nat.
704 1028 786 1098 Vlll,
802 1047 864 1105 cap.
879 1028 916 1085 50
935 1048 1027 1106 propo
1043 1029 1109 1087 tiu:

181 1126 300 1185 acervis
313 1139 356 1184 est
374 1145 440 1183 cum
457 1137 592 1203 serpente
610 1145 717 1204 pugna.
734 1126 884 1204 vestigant
895 1146 1031 1184 cavernas
1043 1171 1051 1198 ,
1062 1147 1112 1184 na·

182 1225 316 1303 riumque
331 1224 435 1303 spiritu
452 1224 609 1281 extrahunt
623 1224 789 1281 renitentes.
806 1223 875 1282 ldeo
892 1224 1037 1301 singulare
1049 1223 1112 1283 abi·

181 1322 281 1400 gendis
307 1320 507 1400 serpentibus,
533 1320 607 1378 odor
629 1320 732 1379 adusto
756 1322 875 1379 cervino
895 1341 1020 1379 cornu.»
1046 1323 1112 1382 Jam

180 1420 267 1478 video
281 1420 483 1497 pmnphrastns
495 1419 581 1477 etiam
599 1419 748 1496 prosaicos
764 1415 861 1498 ἑρπετά
876 1416 911 1474 de
926 1417 1112 1496 serpentibus

181 1518 300 1595 cepisse.
321 1514 398 1588 Πλὴν
424 1500 556 1596 ἐκυρώθης
577 1514 706 1574 breviter
731 1514 840 1572 dictum
857 1534 912 1592 pro
934 1515 1021 1593 pleno
1039 1514 1112 1588 πλὴν

181 1613 272 1673 τούτου
287 1612 328 1672 dn
349 1610 499 1694 ἐκυρώθης;
518 1639 530 1663 «ι
542 1612 618 1683 Quid
634 1612 717 1689 plura
732 1615 870 1670 narrem?
892 1627 1014 1690 excepto
1031 1614 1113 1691 quod

181 1712 286 1771 electio
303 1723 363 1768 rata
377 1712 413 1769 sit
426 1724 483 1767 tun
495 1734 507 1762 ν
527 1707 590 1768 ’1ὀ’τ’
605 1706 636 1766 ἂν
648 1707 762 1788 γένοιτο,
778 1710 863 1768 Τοινο
879 1710 967 1767 fuerit
977 1752 1016 1781 ...,
1031 1712 1112 1788 quod

182 1809 259 1884 idem
282 1810 357 1866 vnlet
380 1827 412 1865 ac
435 1808 519 1866 'func
540 1809 634 1880 erit...,
654 1827 715 1865 rem
739 1819 868 1886 optatam
893 1808 953 1866 sere
977 1821 1009 1864 ut
1030 1821 1113 1868 certo

183 1909 309 1965 suturam
332 1904 478 1983 ponendo.
503 1905 615 1976 Ταῦτα,
633 1904 677 1963 Ad
696 1904 769 1977 boc,
793 1905 851 1962 llac
871 1925 974 1978 cnusa,
996 1925 1053 1983 pro
1068 1905 1113 1964 nt

182 2009 265 2062 ταῦτα
278 2027 285 2061 :
300 2003 357 2062 uisi
372 2000 453 2060 ruralis
462 2006 548 2060 ταῦτα
564 1998 689 2072 λέξουσα,
701 2002 857 2079 ἀγγελοῢσα.
876 2001 978 2059 Latine
994 2022 1113 2080 quoque

182 2101 290 2161 dicitur
310 2102 372 2159 lloc
390 2100 464 2158 veni.
491 2101 568 2157 Δοκῶ
593 2095 621 2156 δὲ
643 2096 689 2155 καὶ
713 2095 759 2168 σε’,
785 2098 894 2156 scilicet
915 2095 1057 2169 σπεύσειν,
1076 2119 1114 2159 ex

184 2219 269 2259 versu
291 2200 337 2257 αθ.
351 2195 386 2260 El
400 2221 425 2254 τι
439 2200 484 2267 τῆς
494 2194 588 2276 γραίης
599 2195 716 2276 κεφαλῆς
729 2193 839 2262 ἀκούεις,
858 2196 888 2254 Si
907 2196 978 2273 quid
993 2198 1112 2256 auscul-

184 2312 227 2356 tas
241 2298 338 2356 vetulo
355 2295 462 2373 capiti,
474 2294 499 2352 si
513 2293 642 2350 animum
654 2291 775 2351 adhibes
789 2292 971 2352 sermonibus
991 2296 1067 2353 senis
1082 2309 1114 2355 et

184 2397 273 2455 multa
293 2394 417 2474 experti.
436 2389 560 2473 Ἔπρεσύ
580 2413 635 2461 σοι,
658 2389 784 2449 uecebat
808 2402 853 2460 te,
870 2404 904 2449 ut
917 2390 954 2450 de
972 2413 1004 2450 re
1025 2412 1113 2470 quam

129 2492 131 2497 ’
181 2495 242 2571 jam
262 2511 341 2549 nuuc
359 2492 504 2568 inceptam
524 2508 586 2547 esse
600 2490 739 2566 oportuit.
761 2486 908 2546 Ἐλθοῦσαν
931 2491 1114 2553 accusativus

184 2590 221 2653 ab
234 2589 379 2648 infinitivo
391 2586 519 2665 pendet:
542 2586 789 2664 paullo·usitatius
805 2598 868 2644 erat
884 2584 980 2646 dicere
993 2586 1113 2670 ἐλθούσῃ.

186 2692 320 2750 Πονοθντα
341 2682 488 2764 θαρσύνειν,
508 2685 650 2760 sAEgrum
674 2681 856 2741 sermonibus
879 2684 1024 2762 erigere.»
1043 2686 1115 2756 Τοὺς

186 2790 212 2846 ἐν
233 2784 356 2865 ἐσχάταις
376 2772 474 2864 ripen,⁴
490 2780 595 2859 supple
613 2777 700 2846 ὄντας.
723 2769 911 2840 Proverbiide
926 2781 1036 2841 dictum
1051 2805 1113 2846 esse

186 2884 309 2953 videtur,
329 2878 539 2939 «Morientinm
562 2877 666 2935 animae
685 2877 799 2935 suntin
819 2878 941 2939 oculis.»
956 2881 1114 2943 Morientes

187 2992 343 3060 tanguntur
353 2991 382 3036 et
392 2987 613 3035 commoventur
623 2994 725 3065 cortun
737 2994 811 3052 quos
819 2975 897 3033 circa
908 2995 940 3032 se
955 2990 1112 3053 praesentes

187 3083 286 3143 vident
295 3079 326 3136 in
344 3078 423 3154 ipsos
434 3093 543 3144 amore,
557 3072 640 3151 cujus
653 3073 804 3131 veritatem
819 3073 961 3130 sinceram
972 3074 1033 3150 jam
1053 3095 1113 3134 non

187 3189 309 3261 possunt
322 3174 476 3252 explorare
492 3194 499 3228 ι
517 3170 558 3228 sic
585 3168 825 3228 moribundorum
846 3169 937 3227 oculis
955 3172 1114 3231 servientes

188 3290 251 3337 tuto
266 3274 406 3333 salluutet
414 3270 500 3348 plura
515 3279 710 3345 assequuntur
722 3286 808 3345 quam
825 3286 841 3322 a
857 3266 1037 3344 vegentibus.
1050 3271 1114 3329 llos

187 3370 315 3433 honestis
329 3366 425 3427 verbis
439 3385 526 3425 cervo
544 3364 687 3442 significat
703 3376 799 3423 astuta
811 3364 923 3442 vulpes.

228 3467 336 3530 36-55.
358 3467 412 3523 His
433 3467 524 3522 elneus
537 3482 633 3520 cervus
654 3466 743 3519 leonis
759 3474 872 3518 antrum
900 3462 1062 3537 ingrediare,
1087 3480 1117 3522 et

185 3574 278 3631 sentim
290 3564 441 3640 corrrpr'tnr
453 3582 464 3619 .·
475 3563 528 3620 sed
541 3557 669 3636 feliciter
688 3564 802 3637 elapsus
816 3558 906 3637 fugit.
925 3557 1113 3620 Vehementer
