2532 4318
193 270 201 281 ·
226 235 262 290 26
575 224 804 288 ssxt‘ttcsTto

224 345 445 418 Boissurradius‚
466 363 544 402 noue
566 342 676 401 dictum
699 362 754 420 pro
775 342 865 402 Viteis
883 343 974 415 loliis,
994 344 1148 426 οἰνάροις..

222 447 314 506 umus
344 455 388 501 est
415 441 602 500 hellenismus
628 436 716 518 μάχην
740 436 895 519 μάχεσθαι,
927 441 1017 519 ἀλγεῖν
1051 441 1150 522 ἀλγοςε

221 558 429 618 nonnunquam
443 556 513 596 vero
529 535 742 628 substantivum
757 556 814 593 non
829 536 958 614 ejusdem
969 538 1084 618 stirpis,
1100 542 1151 601 sed

221 656 415 716 synonymum
440 646 492 694 aut
513 635 557 693 rei
580 633 671 712 magis
692 634 845 712 proprium
861 634 979 693 additur
997 636 1100 709 verbo,
1118 653 1152 697 ut

220 741 364 817 κοιμᾶσθαι
386 732 484 807 ὕπνον,
507 740 592 791 νοσεῖν
614 738 740 812 νεφρῖτιν,
756 744 786 789 et
804 731 860 790 hoc
878 732 944 790 loco
965 734 1054 812 ἀλγεῖν
1071 734 1151 815 ὄγκον

218 831 344 917 γαστρός,
367 831 445 910 quod
466 850 525 888 uon
548 828 635 887 debet
655 829 796 889 conlundi
814 849 880 889 cum
904 831 1059 910 phrasibus
1076 835 1150 912 ἀλγῶ

218 930 266 1004 τὴν
280 929 394 1013 γαστέρα
403 975 411 1004 ,
420 928 465 988 τὸν
479 926 625 998 δάκτυλον,
639 946 705 1004 quoe
715 926 836 985 diuersae
849 938 927 985 sunt.

260 1049 346 1102 7-10·
368 1032 450 1085 Domi
462 1031 561 1083 matris
574 1029 648 1081 ulnis
661 1026 759 1081 incidit
768 1037 798 1081 et
812 1026 919 1082 devita
934 1027 1074 1102 desperat.
1092 1033 1149 1104 Eu,

217 1134 308 1204 iuquit
317 1167 327 1195 ,
343 1127 465 1217 viscera!
481 1122 551 1179 mllu'
566 1123 720 1197 procidunt
740 1122 846 1177 omnia.
870 1115 958 1178 «Ima
966 1130 1078 1198 projice
1091 1147 1150 1184 au·

216 1231 321 1297 dacter,
347 1230 437 1301 inquit
453 1235 568 1281 mater:
591 1241 646 1276 uon
671 1233 720 1276 tua
738 1233 803 1276 suut
814 1226 939 1290 viscera,
965 1225 1017 1279 sed
1036 1222 1122 1281 bovr'r.
1135 1251 1148 1275 ν

215 1320 330 1403 Ὑγραί,
350 1320 460 1381 Molles.
480 1319 506 1378 'l’
508 1316 517 1376 ί
539 1322 637 1389 ταῦτα;
662 1315 739 1388 Quid
767 1316 824 1374 hoc
839 1318 899 1374 est?
919 1317 998 1388 Quid
1015 1319 1071 1378 hoc
1091 1322 1146 1382 sibi

215 1420 300 1477 vult?
315 1418 437 1477 Τεκοῦσα
454 1436 471 1474 a
487 1412 579 1474 τίκτω.
595 1414 711 1472 Tritum
723 1425 767 1471 est
788 1413 904 1471 Graecos
915 1428 983 1492 pust
1002 1416 1146 1494 pluralem

216 1530 352 1575 neutrum
366 1534 475 1593 ponere
487 1510 606 1571 verbum
619 1530 741 1567 numero
759 1510 906 1588 singulari.

258 1621 363 1680 12-1d.
388 1611 473 1669 Clur'a
485 1609 623 1679 moratis,
637 1606 674 1664 de
691 1594 747 1684 qua
763 1622 839 1666 recte
852 1607 987 1666 observat
1002 1611 1147 1674 lllinoides

214 1713 323 1782 Μηνάςε
335 1736 348 1761 «
362 1714 405 1767 Le
414 1714 497 1784 parite
509 1710 613 1784 parate
621 1711 699 1762 avoir
712 1705 831 1779 souffcrt
853 1708 889 1763 de
907 1711 937 1763 Ia
951 1722 1023 1782 part
1041 1711 1078 1766 de
1093 1732 1146 1770 sort

212 1810 339 1866 maravar's
352 1821 451 1865 tutem.
461 1809 628 1889 Autrrment
635 1808 658 1860 il
667 1822 704 1859 ne
713 1806 809 1863 deruit
814 1824 871 1880 pas
881 1808 1051 1863 resrreiadre
1062 1810 1146 1869 l'r'dde

212 1902 247 1963 ile
259 1904 377 1979 lufable
388 1906 462 1961 daur
473 1915 544 1960 cette
559 1905 636 1959 seule
655 1903 844 1959 circumstance
858 1923 914 1979 que
925 1922 976 1959 sorr
990 1903 1143 1977 affabula-

213 2006 268 2061 tlou
283 2006 432 2083 ddsr'grre.»
451 1997 591 2073 Ἐντίνων,
609 1998 789 2059 persolvens.

499 2208 671 2277 FABULA
697 2205 853 2274 xxxiv.

252 2428 335 2468 siun.
362 2403 444 2464 Conl.
471 2402 566 2479 AEsop.
589 2397 657 2458 tab.
683 2397 758 2474 267,
784 2414 814 2473 p.
842 2413 911 2467 177,
939 2392 1014 2468 3963
1039 2387 1142 2451 Aviani

213 2503 281 2566 Fub.
298 2502 345 2562 35.

254 2602 288 2659 V.
308 2598 373 2657 1-6.
396 2597 485 2669 Sinam
507 2615 575 2671 quoe
588 2594 694 2649 catulos·
716 2592 785 2646 duos
793 2594 890 2664 parit,
912 2591 1035 2645 alterum
1059 2587 1145 2640 nimio

214 2719 313 2757 amore
335 2698 484 2772 complexa
508 2689 646 2762 suffiunt,
672 2692 793 2745 alterum
818 2692 972 2742 coutemnit
992 2697 1020 2741 et
1044 2681 1144 2757 abigit.

219 2802 281 2855 Vtra
286 2795 400 2869 fruitur
410 2802 589 2864 contemptur.
602 2782 654 2845 Ὃν
667 2781 714 2860 μέν
730 2802 783 2860 pro
797 2782 909 2856 vulgari
918 2779 963 2840 τὸν
982 2778 1039 2857 μίν.
1052 2780 1143 2837 Versu

214 2898 231 2953 6
254 2894 378 2953 observa
400 2890 496 2952 ἐκεῖνος
512 2885 547 2943 ad
574 2881 738 2961 proximum
755 2879 875 2952 referri,
900 2891 933 2937 ut
952 2868 1041 2947 οὗτος,
1063 2875 1144 2953 quod

214 3010 361 3071 uunquam
377 2988 410 3046 lit
426 2992 551 3044 temere':
569 2981 625 3039 hoc
641 2980 705 3037 loco
724 2997 813 3054 quum
837 2988 923 3053 poeta
937 2974 1042 3033 dixerit
1055 2970 1101 3030 τὸν
1122 2970 1145 3028 δ’

214 3089 351 3161 ἐκάἀλλει,
365 3086 388 3143 is
401 3083 462 3162 jam
477 3077 579 3160 procul
593 3076 694 3136 abesse
709 3075 893 3154 significatur,
909 3072 976 3130 dum
994 3083 1086 3129 mater
1100 3068 1145 3127 al-

214 3201 308 3247 terum
328 3183 452 3243 sullocat
468 3201 476 3236 ε
493 3178 589 3243 ἐκεῖνος
607 3175 695 3254 igitur
709 3171 776 3233 luric
800 3171 960 3232 conditioni
984 3169 1079 3248 aptius
1103 3178 1146 3226 est

216 3305 303 3366 quam
316 3277 396 3348 οὗτος.

257 3407 283 3460 7,
301 3384 328 3442 8.
353 3382 438 3440 Clrria
454 3375 581 3436 morult‘s.
