<?xml version="1.0" encoding="UTF-8"?>
<!DOCTYPE html PUBLIC "-//W3C//DTD XHTML 1.0 Transitional//EN"
    "http://www.w3.org/TR/xhtml1/DTD/xhtml1-transitional.dtd">
<html xmlns="http://www.w3.org/1999/xhtml" xml:lang="en" lang="en">
 <head>
  <title>
</title>
<meta http-equiv="Content-Type" content="text/html;charset=utf-8" />
  <meta name='ocr-system' content='tesseract 3.04.00' />
  <meta name='ocr-capabilities' content='ocr_page ocr_carea ocr_par ocr_line ocrx_word'/>
</head>
<body>
  <div class='ocr_page' id='page_1' title='image "./brevisexplicati00boisgoog_0045.png"; bbox 0 0 2532 4318; ppageno 0'>
   <div class='ocr_carea' id='block_1_1' title="bbox 224 276 802 343">
    <p class='ocr_par' dir='ltr' id='par_1_1' title="bbox 224 276 802 343">
     <span class='ocr_line' id='line_1_1' title="bbox 224 276 802 343; baseline -0.01 0"><span class='ocrx_word' id='word_1_1' title='bbox 224 288 261 343; x_wconf 78' lang='lat' dir='ltr'><strong>ull</strong></span> <span class='ocrx_word' id='word_1_2' title='bbox 573 276 802 340; x_wconf 69' lang='lat' dir='ltr'><strong>txrttCtrlo</strong></span> 
     </span>
    </p>
   </div>
   <div class='ocr_carea' id='block_1_2' title="bbox 500 500 863 571">
    <p class='ocr_par' dir='ltr' id='par_1_2' title="bbox 500 500 863 571">
     <span class='ocr_line' id='line_1_2' title="bbox 500 500 863 571; baseline -0.011 0"><span class='ocrx_word' id='word_1_3' title='bbox 500 502 668 571; x_wconf 74' lang='lat' dir='ltr'><strong>FABULA</strong></span> <span class='ocrx_word' id='word_1_4' title='bbox 695 500 863 570; x_wconf 88' lang='lat' dir='ltr'><strong>XXXVll.</strong></span> 
     </span>
    </p>
   </div>
   <div class='ocr_carea' id='block_1_3' title="bbox 258 681 948 762">
    <p class='ocr_par' dir='ltr' id='par_1_3' title="bbox 258 681 948 762">
     <span class='ocr_line' id='line_1_3' title="bbox 258 681 948 762; baseline -0.012 -16"><span class='ocrx_word' id='word_1_5' title='bbox 258 708 352 748; x_wconf 75' lang='lat' dir='ltr'><strong>nutis.</strong></span> <span class='ocrx_word' id='word_1_6' title='bbox 366 687 450 747; x_wconf 84' lang='lat' dir='ltr'><strong>Conl.</strong></span> <span class='ocrx_word' id='word_1_7' title='bbox 464 685 561 762; x_wconf 83' lang='lat' dir='ltr'><strong>AEsop.</strong></span> <span class='ocrx_word' id='word_1_8' title='bbox 580 681 647 744; x_wconf 71' lang='lat' dir='ltr'><strong>rab.</strong></span> <span class='ocrx_word' id='word_1_9' title='bbox 661 703 726 759; x_wconf 86' lang='lat'>179,</span> <span class='ocrx_word' id='word_1_10' title='bbox 735 702 764 760; x_wconf 88' lang='lat' dir='ltr'><strong>p.</strong></span> <span class='ocrx_word' id='word_1_11' title='bbox 780 701 844 752; x_wconf 80' lang='lat'>110,</span> <span class='ocrx_word' id='word_1_12' title='bbox 856 682 924 739; x_wconf 78' lang='lat'>363.</span> <span class='ocrx_word' id='word_1_13' title='bbox 944 691 948 698; x_wconf 81' lang='grc'><strong>’</strong></span> 
     </span>
    </p>
   </div>
   <div class='ocr_carea' id='block_1_4' title="bbox 206 778 1147 2233">
    <p class='ocr_par' dir='ltr' id='par_1_4' title="bbox 210 778 1147 1836">
     <span class='ocr_line' id='line_1_4' title="bbox 256 778 1147 861; baseline -0.009 -17"><span class='ocrx_word' id='word_1_14' title='bbox 256 788 280 844; x_wconf 84' lang='lat' dir='ltr'>V</span> <span class='ocrx_word' id='word_1_15' title='bbox 304 805 369 857; x_wconf 88' lang='lat'><strong>1-7.</strong></span> <span class='ocrx_word' id='word_1_16' title='bbox 396 788 562 861; x_wconf 74' lang='lat' dir='ltr'><strong>lignatores</strong></span> <span class='ocrx_word' id='word_1_17' title='bbox 580 783 758 858; x_wconf 76' lang='lat' dir='ltr'><strong>piusquam</strong></span> <span class='ocrx_word' id='word_1_18' title='bbox 783 778 951 837; x_wconf 75' lang='lat' dir='ltr'><em>scindebant</em></span> <span class='ocrx_word' id='word_1_19' title='bbox 971 779 1147 836; x_wconf 78' lang='lat' dir='ltr'><strong>immiserunt</strong></span> 
     </span>
     <span class='ocr_line' id='line_1_5' title="bbox 216 875 1141 956; baseline -0.012 -14"><span class='ocrx_word' id='word_1_20' title='bbox 216 883 423 942; x_wconf 80' lang='lat' dir='ltr'><em>cuueos.-Tum</em></span> <span class='ocrx_word' id='word_1_21' title='bbox 433 885 521 956; x_wconf 81' lang='lat' dir='ltr'><em>pinus</em></span> <span class='ocrx_word' id='word_1_22' title='bbox 536 875 730 956; x_wconf 78' lang='lat' dir='ltr'><em>gemebunda,</em></span> <span class='ocrx_word' id='word_1_23' title='bbox 740 879 804 935; x_wconf 83' lang='lat' dir='ltr'><strong>Nou</strong></span> <span class='ocrx_word' id='word_1_24' title='bbox 824 889 883 932; x_wconf 85' lang='lat' dir='ltr'><strong>tam</strong></span> <span class='ocrx_word' id='word_1_25' title='bbox 897 881 1007 945; x_wconf 82' lang='lat' dir='ltr'><strong>securi,</strong></span> <span class='ocrx_word' id='word_1_26' title='bbox 1032 881 1141 950; x_wconf 73' lang='lat' dir='ltr'><strong>lnquit,</strong></span> 
     </span>
     <span class='ocr_line' id='line_1_6' title="bbox 214 977 1142 1056; baseline -0.009 -18"><span class='ocrx_word' id='word_1_27' title='bbox 214 991 322 1041; x_wconf 78' lang='lat' dir='ltr'><strong>irascor</strong></span> <span class='ocrx_word' id='word_1_28' title='bbox 334 999 421 1056; x_wconf 82' lang='lat' dir='ltr'><em>quum</em></span> <span class='ocrx_word' id='word_1_29' title='bbox 439 982 549 1046; x_wconf 82' lang='lat' dir='ltr'><em>cuneis,</em></span> <span class='ocrx_word' id='word_1_30' title='bbox 563 983 612 1052; x_wconf 71' lang='lat' dir='ltr'><strong>qut·</strong></span> <span class='ocrx_word' id='word_1_31' title='bbox 622 988 742 1053; x_wconf 79' lang='lat' dir='ltr'><strong>cognatu</strong></span> <span class='ocrx_word' id='word_1_32' title='bbox 759 977 855 1031; x_wconf 78' lang='lat' dir='ltr'><em>radice</em></span> <span class='ocrx_word' id='word_1_33' title='bbox 870 977 934 1032; x_wconf 82' lang='lat' dir='ltr'><strong>uati</strong></span> <span class='ocrx_word' id='word_1_34' title='bbox 944 995 990 1031; x_wconf 87' lang='lat' dir='ltr'><strong>me</strong></span> <span class='ocrx_word' id='word_1_35' title='bbox 1001 989 1142 1049; x_wconf 80' lang='lat' dir='ltr'><strong>rumpunt.</strong></span> 
     </span>
     <span class='ocr_line' id='line_1_7' title="bbox 215 1070 1144 1157; baseline -0.01 -19"><span class='ocrx_word' id='word_1_36' title='bbox 215 1080 293 1138; x_wconf 73' lang='lat' dir='ltr'><strong>«Est</strong></span> <span class='ocrx_word' id='word_1_37' title='bbox 307 1078 400 1157; x_wconf 79' lang='grc' dir='ltr'><strong>ἐνῇρον</strong></span> <span class='ocrx_word' id='word_1_38' title='bbox 422 1073 459 1132; x_wconf 88' lang='lat' dir='ltr'><strong>ab</strong></span> <span class='ocrx_word' id='word_1_39' title='bbox 483 1071 582 1153; x_wconf 73' lang='grc' dir='ltr'><strong>ἰνείρω.</strong></span> <span class='ocrx_word' id='word_1_40' title='bbox 597 1072 773 1149; x_wconf 81' lang='lat' dir='ltr'>Plerumque</span> <span class='ocrx_word' id='word_1_41' title='bbox 797 1070 913 1148; x_wconf 87' lang='lat' dir='ltr'><strong>quidem</strong></span> <span class='ocrx_word' id='word_1_42' title='bbox 937 1091 996 1129; x_wconf 87' lang='lat' dir='ltr'><strong>non</strong></span> <span class='ocrx_word' id='word_1_43' title='bbox 1015 1082 1144 1130; x_wconf 77' lang='lat' dir='ltr'><strong>mutatur</strong></span> 
     </span>
     <span class='ocr_line' id='line_1_8' title="bbox 213 1167 1142 1254; baseline -0.006 -20"><span class='ocrx_word' id='word_1_44' title='bbox 213 1175 331 1254; x_wconf 81' lang='lat' dir='ltr'><strong>syllaba.</strong></span> <span class='ocrx_word' id='word_1_45' title='bbox 346 1173 503 1251; x_wconf 81' lang='lat' dir='ltr'>Hesychius</span> <span class='ocrx_word' id='word_1_46' title='bbox 514 1167 637 1252; x_wconf 73' lang='grc' dir='ltr'><strong>ιένειρον·</strong></span> <span class='ocrx_word' id='word_1_47' title='bbox 652 1168 783 1230; x_wconf 76' lang='grc' dir='ltr'><strong>ἰνίθαλον.</strong></span> <span class='ocrx_word' id='word_1_48' title='bbox 793 1170 841 1229; x_wconf 83' lang='lat' dir='ltr'><strong>stc</strong></span> <span class='ocrx_word' id='word_1_49' title='bbox 855 1171 983 1229; x_wconf 78' lang='lat' dir='ltr'><strong>variatur</strong></span> <span class='ocrx_word' id='word_1_50' title='bbox 997 1171 1028 1230; x_wconf 89' lang='lat' dir='ltr'><strong>in</strong></span> <span class='ocrx_word' id='word_1_51' title='bbox 1040 1168 1142 1239; x_wconf 83' lang='grc' dir='ltr'><strong>εἴκαζον</strong></span> 
     </span>
     <span class='ocr_line' id='line_1_9' title="bbox 213 1267 1141 1354; baseline -0.009 -20"><span class='ocrx_word' id='word_1_52' title='bbox 213 1288 242 1334; x_wconf 82' lang='lat' dir='ltr'><strong>et</strong></span> <span class='ocrx_word' id='word_1_53' title='bbox 252 1272 359 1354; x_wconf 81' lang='grc' dir='ltr'><strong>ᾔκαζον.</strong></span> <span class='ocrx_word' id='word_1_54' title='bbox 373 1271 430 1331; x_wconf 83' lang='lat' dir='ltr'><strong>sed</strong></span> <span class='ocrx_word' id='word_1_55' title='bbox 442 1272 539 1329; x_wconf 82' lang='lat' dir='ltr'>forsan</span> <span class='ocrx_word' id='word_1_56' title='bbox 553 1269 751 1347; x_wconf 84' lang='lat' dir='ltr'><strong>reponendum</strong></span> <span class='ocrx_word' id='word_1_57' title='bbox 767 1269 871 1339; x_wconf 74' lang='grc' dir='ltr'><strong>ἐνῆκαν,</strong></span> <span class='ocrx_word' id='word_1_58' title='bbox 886 1288 975 1345; x_wconf 86' lang='lat' dir='ltr'><strong>quum</strong></span> <span class='ocrx_word' id='word_1_59' title='bbox 993 1267 1097 1326; x_wconf 81' lang='lat' dir='ltr'><strong>Suitlas</strong></span> <span class='ocrx_word' id='word_1_60' title='bbox 1112 1268 1141 1326; x_wconf 87' lang='lat' dir='ltr'><strong>in</strong></span> 
     </span>
     <span class='ocr_line' id='line_1_10' title="bbox 214 1363 1140 1447; baseline -0.005 -17"><span class='ocrx_word' id='word_1_61' title='bbox 214 1375 270 1430; x_wconf 83' lang='lat' dir='ltr'><strong>hoo</strong></span> <span class='ocrx_word' id='word_1_62' title='bbox 287 1372 351 1428; x_wconf 83' lang='lat' dir='ltr'><strong>loco</strong></span> <span class='ocrx_word' id='word_1_63' title='bbox 363 1367 465 1445; x_wconf 76' lang='lat' dir='ltr'><strong>legerit</strong></span> <span class='ocrx_word' id='word_1_64' title='bbox 478 1367 619 1447; x_wconf 66' lang='grc' dir='ltr'><strong>ἕναοῆκον.</strong></span> <span class='ocrx_word' id='word_1_65' title='bbox 630 1394 641 1415; x_wconf 77' lang='grc' dir='ltr'><strong>ι</strong></span> <span class='ocrx_word' id='word_1_66' title='bbox 664 1367 828 1422; x_wconf 83' lang='lat' dir='ltr'><em>Boissonud.</em></span> <span class='ocrx_word' id='word_1_67' title='bbox 850 1363 979 1438; x_wconf 62' lang='lat' dir='ltr'><strong>listerus,</strong></span> <span class='ocrx_word' id='word_1_68' title='bbox 993 1364 1020 1431; x_wconf 80' lang='grc' dir='ltr'><strong>ὅς</strong></span> <span class='ocrx_word' id='word_1_69' title='bbox 1035 1388 1086 1444; x_wconf 85' lang='grc' dir='ltr'><strong>μου</strong></span> <span class='ocrx_word' id='word_1_70' title='bbox 1104 1367 1140 1445; x_wconf 73' lang='grc' dir='ltr'><strong>μὴ</strong></span> 
     </span>
     <span class='ocr_line' id='line_1_11' title="bbox 211 1461 1139 1549; baseline -0.005 -22"><span class='ocrx_word' id='word_1_71' title='bbox 211 1467 374 1549; x_wconf 66' lang='grc' dir='ltr'><strong>προοῆκετῇ</strong></span> <span class='ocrx_word' id='word_1_72' title='bbox 386 1463 457 1546; x_wconf 70' lang='grc' dir='ltr'><strong>ῥίζῃ,</strong></span> <span class='ocrx_word' id='word_1_73' title='bbox 470 1464 609 1542; x_wconf 79' lang='lat' dir='ltr'><strong>significat</strong></span> <span class='ocrx_word' id='word_1_74' title='bbox 624 1461 771 1532; x_wconf 87' lang='lat' dir='ltr'><strong>Securim‚</strong></span> <span class='ocrx_word' id='word_1_75' title='bbox 782 1480 846 1537; x_wconf 83' lang='lat' dir='ltr'><strong>quae</strong></span> <span class='ocrx_word' id='word_1_76' title='bbox 858 1481 929 1520; x_wconf 83' lang='lat' dir='ltr'><strong>meae</strong></span> <span class='ocrx_word' id='word_1_77' title='bbox 943 1474 1066 1540; x_wconf 80' lang='lat' dir='ltr'><strong>cognata</strong></span> <span class='ocrx_word' id='word_1_78' title='bbox 1080 1484 1139 1524; x_wconf 86' lang='lat' dir='ltr'><strong>non</strong></span> 
     </span>
     <span class='ocr_line' id='line_1_12' title="bbox 212 1558 1137 1636; baseline -0.002 -14"><span class='ocrx_word' id='word_1_79' title='bbox 212 1577 255 1622; x_wconf 77' lang='lat' dir='ltr'><strong>rst</strong></span> <span class='ocrx_word' id='word_1_80' title='bbox 265 1562 354 1621; x_wconf 82' lang='lat' dir='ltr'><strong>radici</strong></span> <span class='ocrx_word' id='word_1_81' title='bbox 367 1580 451 1620; x_wconf 84' lang='lat' dir='ltr'>:nam</span> <span class='ocrx_word' id='word_1_82' title='bbox 465 1561 550 1618; x_wconf 83' lang='lat' dir='ltr'><strong>cunei</strong></span> <span class='ocrx_word' id='word_1_83' title='bbox 565 1559 602 1617; x_wconf 84' lang='lat' dir='ltr'><strong>tle</strong></span> <span class='ocrx_word' id='word_1_84' title='bbox 615 1559 693 1636; x_wconf 80' lang='lat' dir='ltr'><strong>ligno</strong></span> <span class='ocrx_word' id='word_1_85' title='bbox 705 1558 772 1617; x_wconf 82' lang='lat' dir='ltr'><strong>laeti</strong></span> <span class='ocrx_word' id='word_1_86' title='bbox 786 1571 861 1629; x_wconf 84' lang='lat' dir='ltr'><strong>suut,</strong></span> <span class='ocrx_word' id='word_1_87' title='bbox 870 1558 978 1617; x_wconf 84' lang='lat' dir='ltr'><strong>securis</strong></span> <span class='ocrx_word' id='word_1_88' title='bbox 995 1559 1032 1616; x_wconf 85' lang='lat' dir='ltr'><strong>tle</strong></span> <span class='ocrx_word' id='word_1_89' title='bbox 1049 1561 1137 1620; x_wconf 81' lang='lat' dir='ltr'><strong>serso.</strong></span> 
     </span>
     <span class='ocr_line' id='line_1_13' title="bbox 210 1655 1138 1740; baseline -0.004 -19"><span class='ocrx_word' id='word_1_90' title='bbox 210 1661 367 1740; x_wconf 87' lang='lat' dir='ltr'><strong>Proprium</strong></span> <span class='ocrx_word' id='word_1_91' title='bbox 379 1669 423 1716; x_wconf 87' lang='lat' dir='ltr'><strong>est</strong></span> <span class='ocrx_word' id='word_1_92' title='bbox 438 1656 559 1735; x_wconf 79' lang='lat' dir='ltr'><strong>verbum</strong></span> <span class='ocrx_word' id='word_1_93' title='bbox 575 1656 717 1737; x_wconf 75' lang='grc' dir='ltr'><strong>προσήκειν</strong></span> <span class='ocrx_word' id='word_1_94' title='bbox 732 1655 895 1734; x_wconf 77' lang='lat' dir='ltr'><strong>degeneris</strong></span> <span class='ocrx_word' id='word_1_95' title='bbox 909 1656 1138 1735; x_wconf 74' lang='lat' dir='ltr'><strong>propinquitate.</strong></span> 
     </span>
     <span class='ocr_line' id='line_1_14' title="bbox 210 1753 564 1836; baseline -0.02 -19"><span class='ocrx_word' id='word_1_96' title='bbox 210 1758 273 1830; x_wconf 82' lang='grc' dir='ltr'><strong>Ὧς,</strong></span> <span class='ocrx_word' id='word_1_97' title='bbox 294 1756 398 1836; x_wconf 84' lang='lat' dir='ltr'><strong>supple</strong></span> <span class='ocrx_word' id='word_1_98' title='bbox 415 1753 564 1836; x_wconf 80' lang='grc' dir='ltr'><strong>μέμφομαι.</strong></span> 
     </span>
    </p>

    <p class='ocr_par' dir='ltr' id='par_1_5' title="bbox 206 1851 1137 2233">
     <span class='ocr_line' id='line_1_15' title="bbox 248 1851 1136 1933; baseline 0 -19"><span class='ocrx_word' id='word_1_99' title='bbox 248 1861 335 1916; x_wconf 84' lang='grc' dir='ltr'><strong>8-ιο.</strong></span> <span class='ocrx_word' id='word_1_100' title='bbox 358 1855 442 1913; x_wconf 78' lang='lat' dir='ltr'><strong>Cliriu</strong></span> <span class='ocrx_word' id='word_1_101' title='bbox 462 1859 584 1912; x_wconf 82' lang='lat' dir='ltr'><strong>moralis.</strong></span> <span class='ocrx_word' id='word_1_102' title='bbox 605 1856 637 1914; x_wconf 87' lang='lat' dir='ltr'><strong>ln</strong></span> <span class='ocrx_word' id='word_1_103' title='bbox 659 1851 746 1913; x_wconf 76' lang='grc' dir='ltr'><strong>οὐδὲν.</strong></span> <span class='ocrx_word' id='word_1_104' title='bbox 759 1895 787 1911; x_wconf 92' lang='grc'><strong>..</strong></span> <span class='ocrx_word' id='word_1_105' title='bbox 815 1851 908 1919; x_wconf 77' lang='grc' dir='ltr'>πάθοις</span> <span class='ocrx_word' id='word_1_106' title='bbox 924 1876 951 1912; x_wconf 89' lang='grc' dir='ltr'><strong>τι</strong></span> <span class='ocrx_word' id='word_1_107' title='bbox 971 1867 1136 1933; x_wconf 79' lang='lat' dir='ltr'><strong>separatum</strong></span> 
     </span>
     <span class='ocr_line' id='line_1_16' title="bbox 209 1951 1137 2033; baseline -0.001 -20"><span class='ocrx_word' id='word_1_108' title='bbox 209 1968 253 2013; x_wconf 86' lang='lat' dir='ltr'><strong>est</strong></span> <span class='ocrx_word' id='word_1_109' title='bbox 266 1953 345 2033; x_wconf 90' lang='lat' dir='ltr'><strong>quod</strong></span> <span class='ocrx_word' id='word_1_110' title='bbox 355 1952 489 2031; x_wconf 86' lang='lat' dir='ltr'><strong>junctum</strong></span> <span class='ocrx_word' id='word_1_111' title='bbox 502 1953 573 2029; x_wconf 86' lang='lat' dir='ltr'><strong>poni</strong></span> <span class='ocrx_word' id='word_1_112' title='bbox 591 1954 662 2010; x_wconf 90' lang='lat' dir='ltr'><strong>solet</strong></span> <span class='ocrx_word' id='word_1_113' title='bbox 677 1951 751 2011; x_wconf 77' lang='grc' dir='ltr'><strong>οὐδέν</strong></span> <span class='ocrx_word' id='word_1_114' title='bbox 763 1974 798 2011; x_wconf 85' lang='grc' dir='ltr'><strong>τι.</strong></span> <span class='ocrx_word' id='word_1_115' title='bbox 818 1953 947 2010; x_wconf 79' lang='lat' dir='ltr'><strong>Alterum</strong></span> <span class='ocrx_word' id='word_1_116' title='bbox 962 1953 998 2019; x_wconf 82' lang='grc' dir='ltr'><strong>ὡς</strong></span> <span class='ocrx_word' id='word_1_117' title='bbox 1012 1954 1137 2012; x_wconf 76' lang='lat' dir='ltr'><strong>refertur</strong></span> 
     </span>
     <span class='ocr_line' id='line_1_17' title="bbox 207 2045 1136 2129; baseline 0 -19"><span class='ocrx_word' id='word_1_118' title='bbox 207 2053 244 2111; x_wconf 76' lang='lat' dir='ltr'><strong>ad</strong></span> <span class='ocrx_word' id='word_1_119' title='bbox 259 2049 358 2126; x_wconf 79' lang='grc' dir='ltr'><strong>οὕτως,</strong></span> <span class='ocrx_word' id='word_1_120' title='bbox 374 2050 415 2108; x_wconf 86' lang='lat' dir='ltr'><strong>sic</strong></span> <span class='ocrx_word' id='word_1_121' title='bbox 428 2073 435 2107; x_wconf 75' lang='grc' dir='ltr'>ι</span> <span class='ocrx_word' id='word_1_122' title='bbox 449 2047 523 2108; x_wconf 76' lang='grc' dir='ltr'><strong>οὐδὲν</strong></span> <span class='ocrx_word' id='word_1_123' title='bbox 539 2047 609 2108; x_wconf 73' lang='grc' dir='ltr'><strong>οὕτω</strong></span> <span class='ocrx_word' id='word_1_124' title='bbox 629 2048 711 2108; x_wconf 79' lang='grc' dir='ltr'><strong>δεινὸν</strong></span> <span class='ocrx_word' id='word_1_125' title='bbox 727 2046 820 2117; x_wconf 71' lang='grc' dir='ltr'><strong>πάθοις</strong></span> <span class='ocrx_word' id='word_1_126' title='bbox 836 2045 867 2108; x_wconf 76' lang='grc' dir='ltr'><strong>ἂν</strong></span> <span class='ocrx_word' id='word_1_127' title='bbox 891 2047 956 2129; x_wconf 78' lang='grc' dir='ltr'>πρὸς</span> <span class='ocrx_word' id='word_1_128' title='bbox 976 2053 1028 2109; x_wconf 81' lang='grc' dir='ltr'><strong>τῶν</strong></span> <span class='ocrx_word' id='word_1_129' title='bbox 1043 2049 1136 2120; x_wconf 75' lang='grc' dir='ltr'><strong>ἔξωθεν</strong></span> 
     </span>
     <span class='ocr_line' id='line_1_18' title="bbox 206 2145 859 2233; baseline -0.005 -25"><span class='ocrx_word' id='word_1_130' title='bbox 206 2147 349 2233; x_wconf 62' lang='lat' dir='ltr'><strong>situ-&#39;suut</strong></span> <span class='ocrx_word' id='word_1_131' title='bbox 365 2150 401 2217; x_wconf 78' lang='grc' dir='ltr'><strong>ὡς</strong></span> <span class='ocrx_word' id='word_1_132' title='bbox 415 2148 510 2228; x_wconf 82' lang='grc' dir='ltr'><strong>(δεινὸν</strong></span> <span class='ocrx_word' id='word_1_133' title='bbox 523 2146 615 2213; x_wconf 77' lang='grc' dir='ltr'>πάθοις</span> <span class='ocrx_word' id='word_1_134' title='bbox 631 2145 675 2227; x_wconf 76' lang='grc' dir='ltr'><strong>ἂν)</strong></span> <span class='ocrx_word' id='word_1_135' title='bbox 690 2145 734 2205; x_wconf 79' lang='grc' dir='ltr'><strong>ὑπ’</strong></span> <span class='ocrx_word' id='word_1_136' title='bbox 748 2146 859 2206; x_wconf 81' lang='grc' dir='ltr'><strong>οἰκείων.</strong></span> 
     </span>
    </p>
   </div>
   <div class='ocr_carea' id='block_1_5' title="bbox 475 2354 864 2425">
    <p class='ocr_par' dir='ltr' id='par_1_6' title="bbox 475 2354 864 2425">
     <span class='ocr_line' id='line_1_19' title="bbox 475 2354 864 2425; baseline -0.01 -1"><span class='ocrx_word' id='word_1_137' title='bbox 475 2357 648 2425; x_wconf 77' lang='lat' dir='ltr'><strong>FABULA</strong></span> <span class='ocrx_word' id='word_1_138' title='bbox 678 2354 864 2422; x_wconf 91' lang='lat' dir='ltr'><strong>XXXVlll.</strong></span> 
     </span>
    </p>
   </div>
   <div class='ocr_carea' id='block_1_6' title="bbox 199 2539 1132 3303">
    <p class='ocr_par' dir='ltr' id='par_1_7' title="bbox 199 2539 1132 3303">
     <span class='ocr_line' id='line_1_20' title="bbox 243 2539 1131 2619; baseline 0.005 -23"><span class='ocrx_word' id='word_1_139' title='bbox 243 2557 386 2597; x_wconf 71' lang='lat' dir='ltr'><strong>nstrum</strong></span> <span class='ocrx_word' id='word_1_140' title='bbox 408 2560 445 2596; x_wconf 73' lang='lat' dir='ltr'><strong>ur</strong></span> <span class='ocrx_word' id='word_1_141' title='bbox 470 2559 595 2596; x_wconf 71' lang='lat' dir='ltr'><strong>euticus.</strong></span> <span class='ocrx_word' id='word_1_142' title='bbox 618 2540 700 2599; x_wconf 87' lang='lat' dir='ltr'><strong>Conl.</strong></span> <span class='ocrx_word' id='word_1_143' title='bbox 724 2540 822 2617; x_wconf 83' lang='lat' dir='ltr'><strong>AEsop.</strong></span> <span class='ocrx_word' id='word_1_144' title='bbox 840 2539 907 2598; x_wconf 78' lang='lat' dir='ltr'><strong>tab.</strong></span> <span class='ocrx_word' id='word_1_145' title='bbox 923 2560 990 2617; x_wconf 82' lang='lat'>179,</span> <span class='ocrx_word' id='word_1_146' title='bbox 1014 2560 1042 2618; x_wconf 84' lang='lat' dir='ltr'><strong>p.</strong></span> <span class='ocrx_word' id='word_1_147' title='bbox 1064 2561 1131 2619; x_wconf 83' lang='lat' dir='ltr'><strong>tto,</strong></span> 
     </span>
     <span class='ocr_line' id='line_1_21' title="bbox 205 2635 1131 2716; baseline 0.003 -23"><span class='ocrx_word' id='word_1_148' title='bbox 205 2639 270 2695; x_wconf 75' lang='lat'><strong>362.</strong></span> <span class='ocrx_word' id='word_1_149' title='bbox 286 2638 332 2697; x_wconf 87' lang='lat' dir='ltr'><strong>Ex</strong></span> <span class='ocrx_word' id='word_1_150' title='bbox 348 2636 393 2694; x_wconf 90' lang='lat' dir='ltr'><strong>his</strong></span> <span class='ocrx_word' id='word_1_151' title='bbox 415 2635 576 2715; x_wconf 83' lang='lat' dir='ltr'><strong>supplenda</strong></span> <span class='ocrx_word' id='word_1_152' title='bbox 591 2647 635 2694; x_wconf 85' lang='lat' dir='ltr'><strong>est</strong></span> <span class='ocrx_word' id='word_1_153' title='bbox 659 2635 757 2694; x_wconf 82' lang='lat' dir='ltr'><strong>labula</strong></span> <span class='ocrx_word' id='word_1_154' title='bbox 779 2650 892 2708; x_wconf 86' lang='lat' dir='ltr'><strong>nostra,</strong></span> <span class='ocrx_word' id='word_1_155' title='bbox 915 2636 997 2716; x_wconf 83' lang='lat' dir='ltr'><em>cujus</em></span> <span class='ocrx_word' id='word_1_156' title='bbox 1018 2639 1131 2698; x_wconf 77' lang='lat' dir='ltr'><strong>initiunt</strong></span> 
     </span>
     <span class='ocr_line' id='line_1_22' title="bbox 204 2734 1132 2809; baseline 0.008 -18"><span class='ocrx_word' id='word_1_157' title='bbox 204 2735 298 2792; x_wconf 88' lang='lat' dir='ltr'><strong>solum</strong></span> <span class='ocrx_word' id='word_1_158' title='bbox 319 2745 421 2792; x_wconf 80' lang='lat' dir='ltr'><strong>exstat.</strong></span> <span class='ocrx_word' id='word_1_159' title='bbox 444 2767 485 2778; x_wconf 89' lang='lat'><strong>--</strong></span> <span class='ocrx_word' id='word_1_160' title='bbox 505 2734 713 2809; x_wconf 77' lang='lat' dir='ltr'><strong>Delphiuorum</strong></span> <span class='ocrx_word' id='word_1_161' title='bbox 734 2754 797 2790; x_wconf 88' lang='lat' dir='ltr'><strong>cum</strong></span> <span class='ocrx_word' id='word_1_162' title='bbox 824 2734 943 2792; x_wconf 82' lang='lat' dir='ltr'><strong>baloeuis</strong></span> <span class='ocrx_word' id='word_1_163' title='bbox 964 2739 1132 2797; x_wconf 71' lang='lat' dir='ltr'><strong>discordiam</strong></span> 
     </span>
     <span class='ocr_line' id='line_1_23' title="bbox 201 2833 1131 2911; baseline 0.008 -25"><span class='ocrx_word' id='word_1_164' title='bbox 201 2836 399 2907; x_wconf 79' lang='lat' dir='ltr'><em>compositurus</em></span> <span class='ocrx_word' id='word_1_165' title='bbox 418 2833 531 2887; x_wconf 81' lang='lat' dir='ltr'><strong>advertit</strong></span> <span class='ocrx_word' id='word_1_166' title='bbox 548 2850 661 2901; x_wconf 82' lang='lat' dir='ltr'><strong>cancer,</strong></span> <span class='ocrx_word' id='word_1_167' title='bbox 682 2844 816 2907; x_wconf 79' lang='lat' dir='ltr'><strong>tunquam</strong></span> <span class='ocrx_word' id='word_1_168' title='bbox 840 2833 967 2909; x_wconf 74' lang='lat' dir='ltr'><strong>ignobilis</strong></span> <span class='ocrx_word' id='word_1_169' title='bbox 989 2837 1069 2893; x_wconf 76' lang='lat' dir='ltr'><em>homo</em></span> <span class='ocrx_word' id='word_1_170' title='bbox 1083 2853 1131 2911; x_wconf 79' lang='lat' dir='ltr'><strong>ty-</strong></span> 
     </span>
     <span class='ocr_line' id='line_1_24' title="bbox 201 2928 1128 3012; baseline 0.01 -26"><span class='ocrx_word' id='word_1_171' title='bbox 201 2951 353 2988; x_wconf 78' lang='lat' dir='ltr'><strong>rannorum</strong></span> <span class='ocrx_word' id='word_1_172' title='bbox 373 2928 445 2988; x_wconf 85' lang='lat' dir='ltr'><strong>bella</strong></span> <span class='ocrx_word' id='word_1_173' title='bbox 458 2932 607 2987; x_wconf 84' lang='lat' dir='ltr'><em>sedaturus</em></span> <span class='ocrx_word' id='word_1_174' title='bbox 613 2972 700 2988; x_wconf 84' lang='grc'><strong>.....</strong></span> <span class='ocrx_word' id='word_1_175' title='bbox 725 2928 901 3012; x_wconf 75' lang='grc' dir='ltr'><strong>Διοφέρεοθαι</strong></span> <span class='ocrx_word' id='word_1_176' title='bbox 926 2953 992 2992; x_wconf 85' lang='lat' dir='ltr'><strong>cum</strong></span> <span class='ocrx_word' id='word_1_177' title='bbox 1009 2933 1128 3010; x_wconf 80' lang='lat' dir='ltr'><strong>dativo,</strong></span> 
     </span>
     <span class='ocr_line' id='line_1_25' title="bbox 203 3025 1129 3109; baseline 0.011 -24"><span class='ocrx_word' id='word_1_178' title='bbox 203 3028 377 3101; x_wconf 83' lang='lat' dir='ltr'><strong>Dissentire,</strong></span> <span class='ocrx_word' id='word_1_179' title='bbox 392 3025 575 3086; x_wconf 74' lang='lat' dir='ltr'>contendere</span> <span class='ocrx_word' id='word_1_180' title='bbox 591 3026 668 3084; x_wconf 87' lang='lat' dir='ltr'><strong>inter</strong></span> <span class='ocrx_word' id='word_1_181' title='bbox 692 3048 730 3086; x_wconf 87' lang='lat' dir='ltr'><strong>se.</strong></span> <span class='ocrx_word' id='word_1_182' title='bbox 752 3029 893 3109; x_wconf 77' lang='grc' dir='ltr'><strong>Πορῆλθε,</strong></span> <span class='ocrx_word' id='word_1_183' title='bbox 909 3031 1063 3092; x_wconf 78' lang='lat' dir='ltr'><strong>Processit.</strong></span> <span class='ocrx_word' id='word_1_184' title='bbox 1081 3036 1129 3095; x_wconf 86' lang='lat' dir='ltr'><strong>Sic</strong></span> 
     </span>
     <span class='ocr_line' id='line_1_26' title="bbox 199 3122 1125 3207; baseline 0.01 -24"><span class='ocrx_word' id='word_1_185' title='bbox 199 3123 377 3207; x_wconf 78' lang='grc' dir='ltr'>παρέρχεσθαι</span> <span class='ocrx_word' id='word_1_186' title='bbox 402 3122 510 3182; x_wconf 86' lang='lat' dir='ltr'><strong>dicitur</strong></span> <span class='ocrx_word' id='word_1_187' title='bbox 536 3123 573 3181; x_wconf 91' lang='lat' dir='ltr'><strong>de</strong></span> <span class='ocrx_word' id='word_1_188' title='bbox 600 3125 764 3184; x_wconf 85' lang='lat' dir='ltr'><strong>oratoribus</strong></span> <span class='ocrx_word' id='word_1_189' title='bbox 792 3127 842 3205; x_wconf 86' lang='lat' dir='ltr'><strong>qui</strong></span> <span class='ocrx_word' id='word_1_190' title='bbox 866 3128 1014 3206; x_wconf 82' lang='lat' dir='ltr'><strong>prodeunt</strong></span> <span class='ocrx_word' id='word_1_191' title='bbox 1038 3133 1125 3193; x_wconf 76' lang='lat' dir='ltr'><strong>verba</strong></span> 
     </span>
     <span class='ocr_line' id='line_1_27' title="bbox 201 3218 1010 3303; baseline 0.007 -23"><span class='ocrx_word' id='word_1_192' title='bbox 201 3224 312 3281; x_wconf 76' lang='lat' dir='ltr'><strong>lucturi.</strong></span> <span class='ocrx_word' id='word_1_193' title='bbox 323 3218 476 3303; x_wconf 79' lang='grc' dir='ltr'><strong>Εἰρηνεθειν</strong></span> <span class='ocrx_word' id='word_1_194' title='bbox 491 3241 557 3279; x_wconf 84' lang='lat' dir='ltr'><strong>raro</strong></span> <span class='ocrx_word' id='word_1_195' title='bbox 575 3222 756 3282; x_wconf 68' lang='lat' dir='ltr'><strong>transitivum</strong></span> <span class='ocrx_word' id='word_1_196' title='bbox 770 3236 828 3295; x_wconf 80' lang='lat' dir='ltr'><strong>est,</strong></span> <span class='ocrx_word' id='word_1_197' title='bbox 849 3225 1010 3286; x_wconf 70' lang='lat' dir='ltr'><strong>pacificare.</strong></span> 
     </span>
    </p>
   </div>
   <div class='ocr_carea' id='block_1_7' title="bbox 481 3429 834 3502">
    <p class='ocr_par' dir='ltr' id='par_1_8' title="bbox 481 3429 834 3502">
     <span class='ocr_line' id='line_1_28' title="bbox 481 3429 834 3502; baseline 0.017 -6"><span class='ocrx_word' id='word_1_198' title='bbox 481 3429 652 3499; x_wconf 73' lang='lat' dir='ltr'><strong>Ftsstltut</strong></span> <span class='ocrx_word' id='word_1_199' title='bbox 678 3432 834 3502; x_wconf 81' lang='lat' dir='ltr'><strong>xxxix.</strong></span> 
     </span>
    </p>
   </div>
   <div class='ocr_carea' id='block_1_8' title="bbox 234 3613 982 3697">
    <p class='ocr_par' dir='ltr' id='par_1_9' title="bbox 234 3613 982 3697">
     <span class='ocr_line' id='line_1_29' title="bbox 234 3613 982 3697; baseline 0.013 -27"><span class='ocrx_word' id='word_1_200' title='bbox 234 3634 376 3673; x_wconf 71' lang='lat' dir='ltr'><strong>stitutus.</strong></span> <span class='ocrx_word' id='word_1_201' title='bbox 400 3613 484 3677; x_wconf 80' lang='lat' dir='ltr'><strong>cont.</strong></span> <span class='ocrx_word' id='word_1_202' title='bbox 503 3614 599 3694; x_wconf 80' lang='lat' dir='ltr'><strong>AEsop.</strong></span> <span class='ocrx_word' id='word_1_203' title='bbox 614 3613 680 3675; x_wconf 75' lang='lat' dir='ltr'><strong>Fsb.</strong></span> <span class='ocrx_word' id='word_1_204' title='bbox 701 3616 767 3691; x_wconf 71' lang='lat' dir='ltr'><strong>tta,</strong></span> <span class='ocrx_word' id='word_1_205' title='bbox 783 3636 813 3697; x_wconf 82' lang='lat' dir='ltr'><strong>p.</strong></span> <span class='ocrx_word' id='word_1_206' title='bbox 832 3619 899 3693; x_wconf 72' lang='lat'><strong>223,</strong></span> <span class='ocrx_word' id='word_1_207' title='bbox 916 3621 982 3690; x_wconf 69' lang='lat'><strong>⁴⁰⁶·</strong></span> 
     </span>
    </p>
   </div>
   <div class='ocr_carea' id='block_1_9' title="bbox 0 0 1270 4318">
    <p class='ocr_par' dir='ltr' id='par_1_10' title="bbox 0 0 1270 4318">
     <span class='ocr_line' id='line_1_30' title="bbox 0 0 1270 4318; baseline 0 9"><span class='ocrx_word' id='word_1_208' title='bbox 0 0 1270 4318; x_wconf 95' lang='lat' dir='ltr'><strong> </strong></span> 
     </span>
    </p>
   </div>
  </div>
 </body>
</html>
